2648 3922
473 169 592 226 ORTUS
611 168 833 226 ALEXANDRI.
1118 170 1158 235 17

144 331 275 418 ligenda
293 333 358 397 tale
373 333 554 416 perieulum
573 333 751 396 exstiterat.
784 331 911 417 Quippe
927 353 1000 397 eum
1013 333 1159 417 plerique

145 425 255 487 essent
273 421 334 485 filii
350 441 465 507 regum
483 426 515 486 et
535 421 730 505 optimatum
744 419 882 504 nobiles,
901 421 1098 505 singillatim
1118 422 1159 486 ab

143 510 196 574 his
228 509 407 574 sententias
437 508 633 590 rimabatur,
664 507 778 592 ecquid
808 508 872 573 sibi
900 509 1035 594 quisque
1063 510 1159 594 polli-

146 601 281 681 ceretur,
302 596 444 663 simodo
464 596 505 662 ad
523 617 658 682 regnum
678 597 766 681 patri
784 596 978 663 succederet.
1003 596 1159 683 ,aliisque

144 708 237 770 opes,
265 686 339 750 aliis
368 686 509 770 gratiam
537 685 776 770 dignitatesque
805 684 1021 768 amplissimas
1049 687 1185 752 verbiss

144 775 323 840 laxioribus
347 774 590 858 pollicentibus,
618 773 675 838 ubi
698 774 739 838 ad
762 773 939 838 Alexandri
963 775 1158 838 sententiam

144 867 278 928 ventum
298 867 357 946 est,
375 866 412 928 ut
430 863 511 948 ipse,
530 863 559 926 si
575 863 660 927 foret
679 883 806 947 quoque
819 861 964 947 Philippi
983 883 1158 946 successor,

146 972 242 1034 super
264 951 375 1016 futuro
400 951 621 1035 profiteretur:
650 947 765 1016 ‘Haud
792 951 940 1034 equidem
968 950 1074 1032 mihi,'
1103 951 1158 1034 ait,

145 1039 194 1104 ‘ut
217 1061 236 1104 a
259 1039 404 1123 sapiente
426 1039 491 1105 ista
514 1039 595 1105 haee
618 1039 781 1104 sententia
804 1039 931 1104 sederit.
969 1039 1017 1104 De
1038 1039 1157 1106 futuris

145 1128 232 1192 enim
255 1127 464 1193 instabilibus
488 1131 521 1194 et
543 1127 676 1192 incertis
700 1129 797 1192 fixam
817 1126 921 1193 dicere
940 1127 1156 1211 sponsionem,
1173 1147 1198 1188 ιο

144 1215 284 1281 errantis
303 1219 354 1280 est
372 1215 585 1300 benignitatis
605 1220 638 1281 et
653 1215 785 1298 flabilis,
804 1237 878 1281 eum
897 1216 1033 1281 crastini
1051 1219 1158 1281 ratum

144 1306 264 1390 pignus
285 1304 395 1369 nullus
414 1304 508 1369 facile
527 1304 717 1388 possederit
758 1304 853 1370 Dabo
876 1303 938 1369 tibi
961 1306 1049 1388 tunc,
1072 1304 1159 1390 quod

145 1396 178 1457 et
199 1393 339 1458 facultas
364 1395 396 1456 et
418 1395 548 1477 tempus
570 1391 777 1459 hortabitur?
818 1392 942 1458 Probat
964 1394 1157 1458 Aristoteles

146 1481 398 1546 benivolentiam
422 1480 688 1565 circumspectam
711 1483 745 1546 et
768 1479 903 1564 ‘Have,'
926 1481 1042 1565 inquit,
1067 1481 1157 1546 ‘sane

144 1574 181 1634 tu
210 1591 266 1634 rex
296 1568 443 1654 profecto
473 1569 634 1634 mundane
664 1588 738 1634 cum
766 1568 832 1633 isto
861 1568 1052 1651 prudentiae
1082 1572 1157 1634 tuae
1172 1589 1198 1630 ιε

147 1657 310 1744 pignorel’
348 1655 457 1741 Atque
474 1656 555 1722 haec
578 1658 608 1722 ei
628 1655 735 1722 fuerat
753 1656 915 1722 sententia
934 1657 972 1720 de
992 1657 1159 1742 magistro.

144 1747 191 1810 At
226 1767 302 1811 vero
338 1746 436 1830 vulgo
473 1749 510 1810 ut
546 1747 602 1830 qui
637 1746 780 1829 percitus
817 1748 850 1809 et
886 1745 917 1810 vi
952 1745 1070 1810 mentis
1109 1766 1158 1810 ca·

146 1835 265 1899 lentior
292 1834 491 1918 habebatur,
521 1835 666 1919 quamvis
696 1855 768 1899 eum
795 1832 968 1916 Philippus
998 1835 1065 1898 iam
1092 1833 1158 1898 sin-

147 1923 250 1988 cerius
274 1923 531 2006 amplecteretur.
578 1921 721 1987 Videbat
747 1922 833 1986 enim
856 1922 987 2006 plenam
1015 1922 1157 1988 indolem

146 2011 273 2076 martiis
292 2010 458 2077 desideriis
477 2011 720 2096 regalibusque;
744 2032 782 2076 eo
806 2010 1056 2076 admordebatur
1076 2012 1156 2095 solo,
1170 2031 1196 2072 ae

146 2098 232 2185 quod
254 2099 338 2164 nihil
361 2098 399 2163 de
423 2120 457 2165 se
480 2100 573 2165 vultu
597 2103 630 2164 et
653 2098 865 2164 similitudine
888 2103 1101 2184 mutuaretur.

235 2185 317 2252 (lum
339 2188 441 2272 igitur
463 2189 615 2272 pleraque
644 2209 683 2251 ex
704 2187 770 2270 his,
798 2208 878 2271 quae
908 2188 943 2251 in
972 2182 1162 2252 studentem

145 2279 240 2360 pater
256 2276 380 2361 largius
397 2275 592 2360 conferebat,
609 2276 678 2359 ipse
698 2297 823 2360 quoque
839 2275 1037 2341 liberalitate
1051 2278 1156 2340 trans·

147 2364 319 2447 scriberet,
347 2363 506 2430 Zeuxidos
534 2364 718 2447 cuiusdam,
746 2385 810 2429 aaa
837 2362 971 2428 celebris
998 2364 1088 2427 illius
1116 2363 1158 2427 ad

145 2452 357 2536 pingendum,
381 2454 437 2518 sed
461 2455 547 2517 enim
570 2453 738 2520 adseculae
760 2451 894 2535 regalis,
921 2451 1005 2516 tales
1028 2451 1198 2515 litterasue

146 2539 349 2606 deferuntur:
383 2540 517 2608 ‘Zeuxis
550 2539 702 2625 Philippo
735 2542 768 2604 et
800 2537 987 2623 Olympiadi
1019 2540 1158 2604 salutem

145 2628 321 2713 plurimam
344 2628 431 2696 dicit.
472 2629 500 2694 Ε
524 2649 558 2692 re
582 2632 633 2693 est
656 2627 737 2694 seire
760 2649 817 2693 vos
842 2649 889 2710 ea,
912 2648 995 2712 quae
1018 2629 1157 2693 Alexan-

146 2717 205 2782 dro
234 2717 422 2802 destinatis,
451 2739 517 2783 non
544 2717 593 2781 illi
623 2717 662 2782 ad
693 2716 779 2802 frugi
809 2715 989 2782 custodiam
1015 2717 1159 2801 retineri,

235 2966 389 3030 aregnum
407 2960 440 3015 P.
482 2963 547 3016 3et
564 2961 632 3031 quid
650 2962 682 3016 P.
723 2967 873 3032 euperem
893 2961 923 3016 T.
962 2963 1105 3016 aisthaee
1126 2960 1158 3015 Τ.

147 3030 252 3086 sederit
270 3031 303 3086 P.
329 3031 440 3085 videret
459 3031 489 3087 T.
564 3038 595 3087 11
616 3030 711 3087 fabilis
729 3031 762 3086 P.
795 3032 918 3087 erastino
939 3031 973 3086 P.
1044 3037 1076 3084 11
1095 3030 1159 3084 nul-

146 3100 206 3155 lum
224 3102 258 3156 P.
290 3101 345 3155 tibi
363 3102 396 3158 P.
415 3105 510 3157 tamen
530 3102 562 3156 T.
605 3108 638 3157 15
656 3103 731 3157 istuc
749 3103 782 3159 P.
822 3109 854 3158 16
874 3101 901 3157 ei
919 3118 970 3156 om.
991 3101 1023 3156 T.
1061 3105 1093 3156 17
1113 3101 1159 3154 Ad

145 3188 226 3226 verso
248 3172 279 3228 T.
312 3173 436 3242 parcitus
455 3175 484 3228 et
505 3173 535 3227 T.
562 3172 701 3242 spureitus
720 3190 754 3228 ea
772 3175 805 3229 P.
844 3178 877 3227 18
895 3170 1024 3240 quamvis
1042 3187 1106 3226 eum
1128 3171 1158 3226 T.

146 3259 231 3366 quam
249 3242 313 3311 quis
333 3242 369 3297 P.
412 3249 445 3298 19
464 3244 634 3312 plecteretur
654 3244 687 3301 P.
716 3243 841 3298 indolem
859 3241 1040 3312 regalemque
1058 3240 1089 3294 T.
1117 3240 1158 3294 in-

167 3313 240 3368 olem
268 3315 355 3368 marti
382 3313 426 3366 -i-
454 3313 601 3370 desideriis
625 3313 785 3383 regalisque
811 3314 843 3367 P.
880 3317 988 3368 secutus
1014 3327 1075 3366 cum
1100 3311 1158 3366 Mr.

147 3389 181 3438 10
200 3400 289 3454 eoque
311 3383 341 3439 T.
410 3390 443 3440 11
464 3385 676 3440 similitudinem
698 3383 732 3438 P.
801 3389 834 3437 13
853 3381 1056 3437 transcriberet
1075 3381 1158 3438 Oodd.

145 3454 373 3510 transscenderet
387 3455 459 3512 Keil.
483 3456 653 3511 transsiliret
665 3454 766 3510 Ebcrt.
802 3459 838 3508 14
856 3451 1002 3508 cuiusdam
1020 3452 1049 3508 T.
1073 3469 1160 3521 quon·

146 3525 212 3579 dam
231 3526 264 3580 P.
292 3542 350 3581 non
367 3529 458 3597 arcppl.
478 3528 536 3583 Mr.
610 3532 643 3581 17
662 3524 685 3578 Ε
704 3541 734 3580 re
753 3539 801 3581 om.
823 3525 857 3579 P.

199 3624 286 3666 Icarus
300 3625 434 3668 Vmerus.
982 3617 998 3664 2
