2648 3924
458 201 588 256 OBITUS
607 199 829 256 ALEXANDRI.
1085 200 1148 264 151

137 385 285 428 exorsus:
313 361 520 441 ‘Numnam'
543 363 663 447 inquit,
693 362 783 447 tibi,
805 361 1004 448 Alexander,
1032 363 1149 428 mirum

45 452 62 495 '·
138 457 188 517 est
217 453 252 516 in
281 456 347 515 tam
379 451 557 535 longinquo
588 451 640 515 dei
670 451 766 514 huius
796 452 1014 534 praesentiam
1043 450 1148 515 visam

137 541 232 605 esso?
265 541 321 604 sod
349 538 434 603 idem
466 539 585 623 ubique
617 542 705 603 totus
731 560 775 606 ,ac
803 560 957 622 praesens
985 537 1062 621 est',
1094 539 1148 604 ait.

137 627 244 705 ‘Quod
267 628 353 692 enim
376 629 458 694 caeli
481 628 622 692 ambitus
646 627 764 710 ubique
786 627 987 711 praestiterit
1014 627 1149 711 homini,

136 716 170 781 id
193 717 289 780 huius
313 736 441 800 quoque
466 716 607 780 numinis
631 716 694 798 vis,
720 736 798 830 quae
824 737 1001 800 numquam
1026 715 1175 780 frustras

136 804 237 869 veluti
260 825 318 888 per
342 805 525 869 absentiam
546 803 742 888 requiritur'
788 803 872 868 Tum
889 803 1074 868 Alexander
1097 825 1148 868 oc·

136 893 298 958 casionem
331 894 398 956 veri
437 892 588 957 audiendi
629 896 719 956 ratus
763 892 912 982 protinus
955 892 1148 974 sciscitatur,

137 985 294 1064 quantum
323 981 386 1045 sibi
415 980 569 1045 adtritae
602 981 709 1063 spatia
740 973 906 1133 pollictoret
907 1002 953 1044 ur
1003 979 1065 1046 Sed
1093 977 1147 1044 Se-

136 1068 305 1134 sonchosis
341 1069 403 1133 Et
437 1069 555 1133 ante
546 1091 611 1134 1am
642 1069 708 1132 dict
694 1075 764 1133 tum
795 1072 860 1150 est,
865 1068 1029 1153 ’inquit,
1058 1066 1148 1151 ‘tibi

22 1159 23 1162 ’
134 1157 216 1222 nihil
236 1157 362 1221 homini
384 1157 587 1222 commodare
606 1158 865 1241 praescientiam,
884 1179 981 1241 quam
1000 1157 1148 1240 requiris
1163 1177 1188 1217 rc

41 1250 57 1316 ','
136 1245 262 1327 Quippe
292 1246 412 1310 viventi
443 1246 481 1310 de
510 1247 597 1310 vitae
627 1246 768 1310 termino
796 1250 847 1310 rat
848 1268 904 1310 um
932 1246 1037 1311 dicere
1064 1245 1148 1309 nihil

136 1333 224 1397 aliud
257 1339 306 1397 est
339 1355 435 1417 quam
467 1336 602 1418 longum
636 1355 814 1398 maerorem
853 1335 882 1398 ei
917 1338 949 1398 et
981 1339 1148 1419 perpetem

44 1431 56 1475 '-
136 1421 326 1505 contulisse3
357 1445 447 1505 spem
468 1425 551 1486 'vero
580 1420 709 1484 vivendi
736 1421 869 1503 perinde
897 1421 968 1485 ficri
996 1421 1147 1507 longissi-

21 1525 26 1536 '
135 1532 234 1595 mam,
257 1512 284 1573 si
303 1509 526 1593 praesentibus
545 1507 719 1591 perfruere.
765 1508 858 1583 Quod
882 1530 960 1594 ergo
983 1513 1075 1574 tunm
1100 1514 1149 1574 est

21 1612 33 1674 ῐ·
135 1620 173 1662 ac
197 1598 391 1662 beatitudini
414 1599 490 1660 tuae
518 1595 655 1679 proficit,
677 1596 755 1660 urbs
778 1596 952 1680 tellusque,
975 1618 1072 1681 quam
1095 1598 1147 1660 de·
1162 1617 1187 1658 1⁶

21 1695 48 1764 μ’
134 1687 254 1770 legisti,
279 1685 342 1748 erit
361 1683 448 1748 orbis
467 1683 645 1766 inlustrior,
668 1705 768 1768 eoque
787 1684 851 1747 tibi
869 1706 953 1748 nunc
977 1688 1009 1748 et
1032 1685 1065 1748 in
1090 1705 1148 1768 po·

135 1778 259 1837 storum·
278 1794 342 1836 una
362 1772 424 1836 erit
443 1772 588 1837 omnium
602 1773 782 1855 veneratio3
801 1772 879 1836 deus
899 1772 1036 1857 deniquo
1055 1795 1147 1857 prae-

135 1860 263 1925 sidebit.
306 1858 366 1924 His
391 1860 489 1925 etiam
512 1860 652 1943 laeteris,
677 1861 705 1925 si
723 1861 890 1927 hominem
912 1859 1148 1927 demutaveris?
1187 1913 1191 1920 .

41 2000 47 2010 .
134 1948 215 2014 Post
243 1949 305 2013 hoc
332 1969 523 2032 responsum
552 1953 585 2013 et
613 1971 739 2014 sacrum
763 1949 947 2014 Alexander
973 1951 1060 2015 haud
1089 1949 1148 2014 dif-

33 2057 46 2100 ·.
71 2096 73 2105 ,
134 2039 218 2102 ticile
247 2037 286 2102 ad
316 2037 491 2103 exercitum
514 2038 602 2102 venit
626 2035 791 2102 Candaces
816 2060 935 2104 corona
958 2043 991 2104 et
1013 2039 1147 2124 insigni-
1161 2059 1187 2099 aa

20 2151 47 2209 j.
134 2126 195 2190 bus
218 2130 376 2209 comptus.

223 2211 280 2278 44.
309 2213 469 2298 Eximque
497 2212 538 2278 ad
561 2213 744 2278 Amazonas
773 2215 820 2278 irs
847 2215 996 2298 festinat,
1024 2215 1064 2278 ad
1114 2220 1199 2277 XXV.

20 2287 23 2299 ’
68 2332 71 2365 ;
135 2324 216 2417 quas
250 2303 432 2385 praemittit
467 2301 594 2365 litteras
631 2301 664 2364 in
703 2300 789 2364 hunc
825 2302 956 2366 modum
990 2302 1146 2387 scriptas:
1166 2305 1210 2357 69.

62 2403 67 2452 .’
136 2389 316 2454 Victorias
349 2394 479 2454 nostras
510 2393 543 2453 et
572 2389 607 2452 in
637 2387 773 2452 Darium
809 2390 895 2454 bella
934 2390 1080 2475 oximque
1113 2391 1146 2454 in

33 2539 41 2547 .
135 2478 226 2560 alios,
248 2479 283 2540 iu
302 2499 520 2562 quoscumque
544 2476 764 2560 militavimus,
787 2479 908 2562 glorias
927 2477 1013 2542 haud
1033 2477 1145 2542 dubito
1160 2499 1187 2540 a

133 2566 229 2631 vobis
243 2567 349 2630 famae
367 2565 470 2650 ipsius
485 2564 761 2650 magnificentiam
781 2567 1029 2630 commendasse.
1060 2566 1092 2632 N
1094 2588 1147 2630 am

32 2713 38 2722 .
134 2659 168 2719 et
187 2655 263 2718 Pori
286 2654 452 2728 fortunam
475 2658 508 2718 et
530 2654 593 2740 iter
611 2656 760 2717 nostrum
783 2654 819 2719 in
838 2653 1084 2737 Oxydracontas
1108 2676 1147 2720 ac

24 2770 37 2810 ·,
133 2743 335 2828 Bragmanae
358 2742 456 2828 digne
479 2741 579 2806 taceri
602 2763 669 2805 non
693 2741 847 2826 arbitror3
870 2743 905 2807 in
927 2743 989 2808 hoc
1013 2743 1146 2808 nomina

226 2923 239 2969 1
258 2916 400 2969 Numnam
415 2917 449 2970 A.
468 2933 526 2970 non
539 2917 570 2972 P.
619 2921 635 2969 2
655 2915 702 2969 dei
720 2916 802 2970 huius
817 2918 853 2970 A.
873 2917 996 2971 numinis
1015 2918 1097 2971 huius
1112 2918 1145 2972 P.

133 2993 150 3041 3
175 2987 263 3042 Verba
279 2986 341 3040 ‘sed
354 2986 491 3041 idem-6
506 2986 668 3056 requiritur’
690 3004 740 3041 om.
755 2987 787 3041 P.
817 3047 819 3052 ,
833 2993 848 3041 5
868 3003 940 3056 quae
955 2989 1049 3043 addid.
1066 2988 1147 3055 Moi;

28 3115 33 3125 ,
133 3059 180 3112 red
203 3059 278 3112 locas
300 3058 424 3111 nondum
446 3063 561 3112 sanatas
583 3065 629 3114 eet.
703 3057 914 3113 toccasicnem
932 3059 991 3113 veri
1014 3057 1147 3113 audiendi

133 3131 281 3196 retusam.
304 3127 338 3180 P.
394 3127 537 3182 odiorum
555 3129 610 3182 luit
629 3131 673 3182 ost
690 3127 726 3181 A.
760 3127 836 3183 dicit.
859 3129 904 3182 est
924 3130 957 3184 P.
1014 3132 1048 3182 10
1066 3121 1145 3196 prae-

20 3200 31 3260 ί
134 3198 268 3254 scientiae
287 3200 322 3252 A.
392 3204 425 3250 11
446 3198 480 3253 do
498 3199 575 3252 vitae
593 3199 713 3252 termino
732 3198 768 3253 A.
797 3198 922 3252 debitum
940 3197 1091 3252 terminum
1111 3199 1145 3253 P.

27 3272 30 3281 '
135 3275 168 3323 14
188 3271 210 3324 si
225 3271 257 3324 P.
278 3286 307 3324 sc
322 3267 358 3322 A.
396 3273 429 3322 15
449 3269 522 3324 orbis
540 3269 681 3336 tellusque
694 3269 727 3323 P.
780 3274 812 3323 16
832 3269 906 3323 orbis
923 3270 995 3324 Mai.
1020 3269 1095 3324 urbis
1110 3270 1144 3325 A.

27 3341 30 3352 '
134 3341 215 3397 nobis
234 3342 267 3396 P.
342 3345 374 3394 18
393 3339 507 3393 laeteris
526 3340 561 3394 A.
591 3339 699 3393 litteras
719 3339 751 3392 P.
778 3338 890 3393 homine
909 3341 945 3393 A.

220 3410 268 3467 44.
297 3415 331 3463 26
349 3410 379 3463 in
404 3411 510 3465 addidi.
583 3417 617 3465 26
636 3408 847 3478 magnificentia
872 3411 905 3464 P.
981 3415 1014 3464 27
1034 3409 1087 3464 iter
1110 3411 1145 3465 A.

136 3479 211 3534 inter
238 3481 272 3536 P.
307 3480 532 3549 Osyndraoontas
558 3483 593 3536 A.
631 3480 843 3550 symdraccntas
868 3483 898 3536 et
923 3481 1086 3536 dracmadar
1112 3483 1146 3537 P.

21 3543 27 3551 ’
113 3556 168 3605 ,28
187 3551 273 3620 digna
294 3551 327 3606 P.
360 3552 474 3605 nomina
489 3553 597 3621 s‘ripai.
625 3550 738 3608 nomine
757 3550 831 3607 AP.
