2650 3920
166 220 209 286 86
589 217 698 280 araus
716 217 749 274 11.
838 189 840 193 ’

165 382 334 448 universus
352 380 575 466 indignantius
595 380 780 464 accepisset,
803 379 889 462 quod
911 379 997 444 enim
1014 399 1073 462 per
1090 379 1178 445 viam

166 470 229 536 sibi
251 470 517 553 impedimentum
540 468 620 534 illud
643 467 884 534 intronatabilis
913 467 1003 532 fluvii
1025 467 1177 551 proiecis-

166 564 229 642 set,
257 562 290 624 et
316 558 398 624 utile
421 557 656 636 arbitrarentur
681 559 723 638 [et
743 558 861 637 miuus]
886 555 1044 621 secundae
1068 557 1178 621 memi-

165 647 252 714 nisse
275 647 443 730 fortunae,
470 649 602 731 aooepto
625 647 688 711 hoe
712 665 874 710 murmure
898 649 931 710 et
953 643 1178 730 indignatione
1295 722 1321 748 w

140 735 310 802 smilitum
341 758 397 801 rex
428 735 464 800 in
496 735 576 800 haee
607 736 708 799 verba
740 735 961 799 contionatur:
997 730 1178 816 ‘Equidem

164 824 280 910 fateor,
298 823 428 907 milites,
447 823 528 888 duas
546 823 672 907 pariter
688 843 742 888 res
760 823 795 887 in
813 822 920 888 animo
941 843 1010 887 esse
1025 820 1178 906 diversas,

166 935 257 999 spem
280 913 404 980 scilieet
425 916 459 977 et
480 911 651 997 pudorem,
682 933 818 996 quarum
846 910 985 976 alterum
1006 931 1177 996 praeroga·

164 1005 235 1069 tiva
261 1002 456 1086 praeteritae
484 1000 616 1067 virtutis
648 999 809 1083 ostendit,
837 998 925 1064 aliud
951 1021 1028 1065 vero
1058 999 1178 1084 impor-

165 1091 237 1157 tuni
265 1094 372 1156 metus
399 1089 607 1176 opinionibus
633 1088 855 1154 adumbratur.
900 1087 979 1164 Quis
1003 1088 1089 1154 enim
1111 1108 1179 1153 non

126 1200 153 1242 ro
166 1179 257 1246 ridet
288 1178 482 1245 abolendam
518 1199 652 1262 prorsus
690 1177 880 1242 memoriam
916 1197 987 1242 esse
1024 1177 1178 1242 victoriae

164 1267 403 1353 praecedentis,
437 1266 466 1332 si
493 1267 656 1351 praesenti
685 1269 813 1332 vestrae
845 1265 1063 1352 indignationi
1095 1287 1179 1332 eom·

165 1356 276 1422 modet
298 1356 409 1440 fidem,
436 1377 500 1440 qua
522 1376 633 1441 regem
655 1358 800 1421 vestrum
823 1353 1045 1421 Alexandrum
1068 1353 1178 1419 incon·

166 1445 251 1510 sulte
273 1443 389 1510 fauisse
413 1444 606 1530 opinamini,
634 1445 720 1529 quod
749 1445 790 1509 ad
817 1443 929 1529 fugam
953 1443 1047 1507 vobis
1072 1441 1178 1506 infau-

166 1533 346 1600 stissimum
378 1535 441 1600 iter
473 1535 585 1618 pontis
617 1533 830 1600 dissolutione
866 1530 1057 1598 sustulerit?
1110 1530 1179 1595 Aut

126 1642 152 1686 re
167 1622 243 1707 quid
265 1645 398 1709 prorsus
426 1623 465 1688 de
494 1644 551 1706 spe
573 1622 731 1688 victoriae
759 1621 928 1701 residebit,
955 1620 984 1687 si
1011 1619 1044 1684 id
1067 1640 1179 1685 verum

166 1711 241 1778 est?
294 1710 358 1778 Vel
396 1711 472 1795 quid
509 1723 611 1795 mage*
637 1710 834 1776 eontrarium
870 1710 956 1775 foret
993 1708 1179 1776 huiusmodi

32 1859 47 1870 .
165 1799 262 1880 votis,
285 1820 384 1884 quam
407 1800 436 1863 'si
460 1799 546 1881 quod
567 1797 675 1864 animo
694 1797 916 1881 praecepistis,
939 1798 971 1862 id
991 1798 1083 1863 vobis
1107 1800 1179 1862 tuto

165 1887 317 1970 pareret?
344 1887 538 1971 praesertim
561 1906 634 1950 oum
661 1885 695 1950 in
719 1905 815 1968 opere
838 1884 973 1950 militari
995 1885 1179 1952 formidinis

165 1975 364 2040 insentivum
392 1973 437 2038 sit
465 1994 539 2056 spes
568 1973 670 2038 tutius
694 1971 859 2037 evadendi.
906 1970 968 2036 Sed
994 1972 1028 2036 id
1051 1973 1181 2056 quidem

125 2080 153 2124 eo
167 2062 244 2128 deus
273 2065 306 2128 et
328 2061 460 2128 virtutis
482 2066 610 2126 vestrae
639 2060 745 2147 gloria
773 2061 887 2145 prooul
913 2059 1034 2126 feeerit.
1080 2061 1181 2127 Enim

97 2209 101 2222 .
166 2171 242 2236 ego,
269 2151 326 2236 qui
348 2153 400 2216 tot
423 2149 570 2235 proeliis,
599 2152 651 2216 tot
673 2149 819 2216 victoriis
843 2149 956 2216 doetus
984 2148 1069 2214 nihil
1092 2149 1181 2214 aliud

165 2239 230 2306 nisi
257 2239 296 2306 de
324 2239 523 2305 incremento
548 2241 675 2304 vestrae
704 2238 830 2324 gloriae
853 2237 1080 2323 cogitaverim,
1107 2259 1181 2323 pro·

164 2328 251 2394 feoto
283 2327 401 2396 fecisse
433 2327 515 2393 mihi
547 2328 658 2394 videor
697 2348 771 2393 eum
804 2326 966 2393 sententia
997 2325 1181 2407 fortiorum,

166 2416 253 2503 quod
296 2416 448 2504 ignaviae
493 2416 723 2501 intempestivo
763 2415 870 2482 reditu
907 2418 1077 2500 amputato
1119 2416 1181 2482 soli

125 2525 153 2568 aa
166 2527 300 2590 prorsus
323 2505 481 2572 victoriae
503 2506 590 2572 viam
618 2505 740 2572 dextris
768 2508 801 2570 et
829 2503 947 2591 gladiis
974 2505 1182 2570 reserandam

167 2615 237 2660 esse
261 2594 521 2661 monstraverim.
562 2593 676 2678 Neque
698 2594 732 2664 id
755 2592 978 2677 dissimulabo,
1002 2593 1087 2676 quod
1111 2613 1181 2658 sen·

166 2683 223 2766 tio,
238 2683 390 2750 adiuvare
406 2705 457 2750 me
471 2683 556 2750 votis
571 2683 736 2748 fortunam
751 2682 918 2765 eiusmodi,
937 2686 974 2746 ut
988 2681 1015 2746 si
1029 2680 1181 2766 ignaviae

165 2769 288 2872 reditus
311 2771 542 2856 requireretur,
569 2772 668 2856 longe
696 2772 741 2873 sit
768 2771 884 2873 melius
911 2770 964 2836 hio
991 2768 1180 2871 oeoumbere

125 2859 535 3014 ..ttlttt‘ttttt
560 2881 680 3024 ..0333
702 2857 1182 3032 ltttaeuttttttitt

166 3231 196 3286 1.
214 3158 566 3285 ...tranant
584 3155 1180 3284 aestuas·sr.tttntttrtr

165 3317 281 3356 munere
300 3302 334 3356 P.
390 3299 622 3370 ipruerogativa
640 3299 740 3355 Seblee.
768 3297 995 3369 praerogativam
1013 3298 1046 3353 P.
1097 3296 1183 3353 aad·

166 3372 313 3427 umbratur
332 3372 391 3427 Mr.
416 3370 566 3426 adumbrat
583 3371 617 3426 P.
674 3376 706 3425 11
725 3371 867 3440 praesenti
886 3370 945 3425 Mr.
968 3369 1125 3439 praesentis
1147 3368 1183 3424 P.

168 3446 202 3496 13
220 3442 301 3496 vobis
310 3443 417 3510 scripsi.
441 3441 521 3497 nobis
531 3443 564 3497 P.
593 3441 825 3496 infaustissimum
835 3440 892 3496 Mr.
916 3439 1134 3502 intentissimum
1147 3438 1181 3493 P.

167 3515 203 3566 20
222 3510 289 3566 deus
309 3512 368 3567 Mr.
392 3512 451 3566 dies
470 3513 503 3568 P.
536 3511 629 3583 gloria
647 3511 705 3566 Mr.
729 3511 818 3582 glorie
839 3511 874 3568 P.
921 3516 956 3566 24
973 3510 1105 3580 ignaviae
1124 3510 1182 3565 Mr.

167 3578 297 3650 ignavius
315 3581 348 3634 P.
386 3586 419 3634 27
440 3581 573 3637 adiuvare
592 3599 637 3638 me
655 3583 729 3638 votis
746 3582 780 3639 P.
806 3599 889 3638 avere
907 3597 952 3636 me
970 3581 1065 3650 potius
1079 3581 1182 3638 Eberb.
