2648 3924
188 241 253 308 102
612 239 722 296 LIBER
740 241 772 296 Π.

186 405 314 470 hostico
344 405 525 489 patiamur3
556 403 694 469 ferinam
725 404 847 478 etenim
877 405 1027 488 expertus
1057 401 1201 468 hostium

185 494 311 558 rabiem
330 495 382 558 vel
399 493 481 577 ipsis
500 491 600 558 etiam
622 492 755 558 orbatus
774 491 955 558 adfectibus
979 513 1018 556 ex
1035 490 1092 556 illa
1110 491 1202 578 regia

185 581 386 648 beatitudine
409 583 442 646 in
467 581 623 648 extimam
646 583 719 646 veni
736 579 857 648 Darius
876 581 932 646 ille
951 580 1201 665 miserationem,

186 693 260 736 cum
284 670 365 736 mihi
388 691 455 736 non
478 674 584 736 mater
607 670 845 754 amantissima,
872 691 939 736 non
966 691 1047 735 uxor
1073 667 1200 752 conspi-

159 759 381 842 crantissima,
403 779 469 824 non
489 758 676 825 suavissimi
693 759 753 823 filii
773 762 908 843 propter
926 759 1001 842 sint,
1024 757 1103 842 quin
1121 757 1201 822 haec

186 851 302 913 cuncta
316 848 563 913 adversantibus
578 848 731 912 serviunt.
758 845 864 923 Quare
878 847 1052 931 pollicente
1066 865 1119 911 me
1133 865 1201 910 non
1218 855 1262 909 32.

182 935 282 1002 modo
296 935 467 1002 thesauros
482 957 601 1022 opesve
617 937 753 1021 regales,
772 935 827 1000 sed
844 936 938 1021 regni
952 955 1080 1020 quoque
1097 935 1201 1000 nostri

184 1047 283 1109 quam
302 1025 538 1109 amplissimam
552 1025 746 1109 portionem,
765 1024 883 1108 spretis
898 1022 1033 1089 Macedo
1051 1021 1201 1109 supplici·
1299 1013 1311 1044 '⁴

183 1113 244 1178 bus
253 1113 414 1179 eiusmodi
424 1135 488 1178 una
498 1117 627 1178 tautum
637 1116 851 1197 proventuum
863 1133 997 1179 suorum
1007 1112 1201 1198 adrogantia

144 1201 373 1267 caelaretur.
405 1201 504 1286 Ergo,
524 1201 569 1265 mi
583 1200 674 1285 Pore,
692 1203 758 1266 iam
774 1201 890 1286 opibus
905 1201 1072 1288 fatigatus,
1091 1201 1200 1267 animo

184 1295 296 1355 tamen
319 1291 360 1355 ad
383 1290 581 1354 sententiam
603 1291 719 1375 milito,
743 1291 770 1355 si
793 1290 891 1356 modo
914 1290 1035 1355 faveas.
1075 1289 1200 1355 Rursus

185 1379 271 1443 enim
293 1379 454 1464 proelium
477 1378 632 1464 meditor,
663 1381 696 1444 et
719 1379 747 1444 si
776 1399 859 1464 quos
886 1399 1016 1464 queam,
1047 1378 1087 1442 ed
1115 1398 1200 1443 com·

183 1467 372 1532 munionem
395 1468 476 1533 duco
502 1469 692 1534 sententiae.
737 1466 831 1544 Quod
859 1468 888 1533 si
915 1471 952 1532 tu
981 1485 1110 1552 quoque
1132 1471 1202 1532 tam

182 1556 290 1622 iustae
322 1555 541 1642 indignationi
578 1559 710 1624 nostrae
749 1557 924 1622 accesseris
968 1559 1122 1640 tuamque
1153 1556 1201 1620 in-

140 1657 173 1709 'rc
185 1645 301 1710 iuriam
332 1645 584 1728 existimaveris,
617 1667 699 1730 quae
729 1645 764 1709 in
795 1665 845 1710 me
876 1647 1028 1729 grassata
1056 1647 1124 1727 est,
1155 1644 1202 1710 ita

182 1735 406 1819 praecavebis,
430 1737 467 1798 ut
484 1738 519 1798 te
537 1733 674 1818 dignum
693 1733 755 1798 erit
773 1737 806 1798 et
824 1734 986 1798 maiorum
1004 1737 1201 1812 nostrorum,

183 1825 218 1884 et
239 1823 296 1886 isti
319 1821 554 1904 conspirationi
578 1821 745 1886 consulere
772 1822 901 1906 tuisque
929 1821 1107 1888 commodis
1135 1842 1201 1886 non
1309 1851 1312 1861 ·

184 1909 307 1974 deesse.
352 1909 458 1994 Igitur
487 1931 526 1974 ex
554 1911 706 1994 opinione
734 1913 847 1976 nostra
873 1910 1002 1995 feceris,
1031 1911 1059 1975 si
1087 1913 1200 1994 gentes

181 2017 282 2081 quam
300 1998 457 2081 plurimas
476 2017 663 2084 congreges,
687 2020 847 2086 quamque
865 1999 1007 2083 primum
1026 2019 1136 2084 queas,
1159 1999 1200 2064 ad

142 2089 299 2170 asportes
319 2084 453 2171 Caspias
472 2086 595 2152 tendas.
637 2086 735 2152 Enim
759 2108 799 2152 ne
824 2089 868 2153 sit
890 2087 1008 2152 militia
1029 2087 1092 2152 tibi
1115 2087 1200 2152 mili·
1220 2100 1265 2153 33.

184 2175 325 2242 tantiam
344 2175 515 2259 inhonora,
540 2176 707 2241 dabuntur
729 2198 749 2240 a
771 2196 823 2240 me
842 2174 980 2260 singulis
1000 2179 1199 2241 armatorum

185 2265 275 2330 aurei
298 2267 365 2330 tres
389 2264 601 2350 pedestrium,
624 2265 726 2349 equiti
750 2285 827 2330 vero
849 2265 1004 2349 quinque,
1028 2269 1199 2350 ceteraque

185 2373 268 2438 quae
291 2353 455 2418 alimoniis
484 2353 689 2418 abundarint.
735 2352 880 2418 Praedae
908 2375 1036 2438 quoque
1065 2353 1199 2419 bellicae

128 2481 133 2492 ·
183 2462 260 2524 pars
279 2463 318 2506 ex
337 2442 443 2508 medio
462 2447 571 2507 vestra
585 2442 651 2506 fiat.
684 2441 729 2505 At
748 2442 835 2506 enim
853 2441 915 2506 tibi
933 2442 1063 2525 privum
1081 2462 1199 2507 munus

143 2547 169 2589 aa
184 2529 272 2595 istud
295 2530 445 2616 babebis,
472 2531 557 2615 quod
580 2531 723 2595 indidem
746 2530 987 2615 regalissimum
1011 2534 1074 2614 est,
1097 2530 1200 2596 Buce·

182 2617 316 2701 phalam
336 2639 453 2703 equum
478 2619 601 2684 seilicet
623 2641 689 2684 una
712 2640 786 2684 cum
808 2618 907 2704 regiis
926 2619 1070 2702 phaleris
1093 2618 1199 2704 regio·

184 2727 245 2788 que
268 2707 358 2772 cultu
381 2708 632 2792 concubinisque
651 2708 813 2790 omnibus,
835 2728 914 2790 quas
940 2708 1106 2793 octoginta
1126 2727 1200 2772 cen-

184 2797 317 2878 tumque
339 2800 526 2880 numerant,
556 2796 611 2880 qui
634 2799 808 2861 noverunt:
838 2816 892 2860 eas
917 2817 1030 2860 omnes
1055 2817 1092 2860 ac
1115 2795 1199 2861 tales

273 2969 382 3024 tIade
402 2987 422 3024 o
445 2969 532 3024 cabis
557 2969 659 3038 ‘quare
682 2969 879 3039 pollicentem’
904 2975 952 3026 etc.
976 2985 1075 3025 meas
1099 2969 1201 3039 incipit

184 3037 248 3096 eod.
268 3041 364 3096 Ambr.
383 3039 476 3110 (Quat.
491 3037 554 3107 Vr).
616 3047 632 3095 6
651 3040 803 3110 pollicente
821 3041 895 3095 Keil.
924 3039 1105 3110 pollicentem
1124 3040 1200 3096 ΑΡ.

182 3116 199 3164 9
219 3113 406 3180 proventuum
418 3111 449 3168 Τ.
468 3125 519 3166 om.
530 3111 604 3168 A.P.
657 3117 689 3166 12
707 3110 816 3182 proclia
828 3111 862 3167 P.
888 3126 989 3180 queam
1001 3111 1035 3165 P.
1061 3128 1145 3180 quem
1162 3112 1200 3166 A.

182 3198 267 3250 quam
295 3182 326 3237 Τ.
364 3197 539 3237 communem
565 3181 597 3236 P.
696 3189 729 3238 15
753 3185 884 3252 grassata
910 3181 941 3238 Τ.
975 3184 1102 3237 crassata
1124 3181 1200 3238 AP.

184 3257 217 3306 16
236 3251 430 3322 praecavebis,
455 3254 487 3307 ut
513 3253 544 3308 T.
572 3254 718 3322 praecabis
739 3255 772 3309 P.
801 3252 917 3323 pavebis
936 3253 972 3308 A.
1014 3253 1069 3308 erit
1092 3268 1143 3310 om.
1165 3251 1199 3308 P.

184 3329 217 3377 1⁷
233 3340 288 3378 non
302 3321 391 3380 ΜΤ.
426 3328 459 3380 18
474 3323 601 3393 opinioni
614 3325 727 3379 nostrae
741 3328 803 3392 (om.
818 3323 904 3394 ex)A.
936 3329 970 3379 22
985 3324 1200 3394 pedestriumA.

182 3392 307 3460 pedestri
316 3393 345 3448 Τ.
355 3394 505 3462 pedessum
514 3395 545 3448 P.
558 3395 646 3462 equiti
655 3395 684 3449 T.
692 3396 726 3451 P.
738 3395 862 3464 equitum
869 3397 904 3452 A.
933 3399 967 3450 23
983 3394 1200 3450 abundarentA.

182 3461 373 3517 habundarint
391 3464 424 3518 P.
435 3464 464 3517 T.
535 3469 570 3517 24
588 3464 682 3520 media
700 3466 736 3521 A.
771 3465 892 3534 primum
913 3466 943 3520 Τ.
1012 3469 1048 3520 26
1066 3466 1144 3522 istud
1163 3465 1200 3518 A.

182 3532 244 3583 tute
271 3533 304 3584 P.
347 3534 391 3586 est
413 3550 463 3588 om.
488 3533 521 3590 P.
563 3533 723 3588 bucefalum
749 3535 782 3587 P.
887 3541 921 3593 ,26
946 3534 1056 3590 scilicet
1077 3535 1201 3607 egregiis

183 3597 308 3686 phalefis
327 3602 358 3655 Τ.
384 3653 390 3666 ,
421 3607 465 3668 ,22
487 3604 566 3658 cultu
585 3619 635 3658 om.
656 3605 690 3659 P.
729 3604 818 3660 omnis
839 3606 873 3659 P.
946 3611 981 3660 28
1000 3607 1067 3660 talis
1087 3607 1119 3661 P.
