2654 3926
477 201 595 257 ORTUS
614 201 835 258 ALEXANDRI.
1118 202 1161 265 49

148 389 167 430 a
196 387 265 430 sese
286 365 423 430 barbari
451 365 657 430 defensarent
685 386 722 429 ae
750 365 799 430 ius
827 366 1001 450 legationis
1025 365 1161 431 inteme-

147 458 258 518 ratum
281 454 344 518 sibi
367 454 502 538 vellent,
527 452 643 539 ‘Non,’
666 453 773 538 inquit
795 451 992 538 Alexander,
1016 453 1067 518 ‘ex
1090 477 1161 520 sen-

149 543 254 607 tentia
284 542 337 607 vel
366 543 510 608 moribus
540 543 620 606 meis
652 545 702 607 est
732 542 838 606 forma
864 543 1044 628 praecepti3
1074 545 1161 609 enim

149 631 304 715 quoniam
327 635 363 695 ut
387 632 428 695 ad
446 632 607 696 latronem
631 655 650 695 a
673 630 766 696 vobis
789 631 853 695 ista
873 635 1022 715 suscepta
1040 633 1161 717 legatio

150 723 216 806 est,
247 721 297 784 uti
326 720 462 785 latronis
496 720 594 785 etiam
624 719 860 784 vehementiam
892 719 1195 804 iniquitatemques

150 807 320 874 sentiatis?
366 809 449 873 Tum
477 809 539 873 illi:
566 830 625 872 nee
653 807 791 873 Darium
821 807 931 873 omnia
957 829 1017 886 pro
1045 810 1162 873 merito

150 897 218 961 eius
246 898 410 980 potentiae
439 897 629 983 cognovisse
658 900 690 962 et
718 919 752 962 se
781 897 904 982 pariter
931 896 1085 981 opinione
1109 896 1163 961 de-

150 988 260 1068 ceptos
285 1007 368 1070 esse3
392 986 472 1051 haee
496 1008 569 1051 oum
588 985 738 1064 dicerent,
762 985 943 1071 magnificis
963 986 1070 1050 verbis
1094 985 1162 1050 eius

150 1074 326 1139 exereitum
354 1075 541 1158 praedicare
573 1074 721 1159 viresque
754 1096 887 1159 coepere
916 1075 1064 1139 confiteri
1091 1077 1162 1138 tan-

150 1164 213 1239 tas,
238 1166 375 1244 quantas
400 1163 429 1226 si
451 1185 507 1227 rex
532 1184 659 1247 quoque
688 1163 799 1228 sedulo
827 1163 1025 1245 rescivisset,
1053 1163 1203 1228 mode-ro

150 1253 297 1313 raturum
326 1249 473 1333 proiecto
501 1251 609 1315 verbis
638 1251 747 1316 fuisse.
792 1252 875 1316 Tum
899 1251 1083 1316 Alexander
1109 1273 1164 1316 ne-

151 1352 212 1422 que
241 1337 303 1402 sibi
331 1359 443 1402 verum
470 1338 767 1404 interficiendorum
794 1339 963 1406 hominum
992 1341 1164 1406 eonsilium

150 1427 252 1491 fuisse
282 1427 453 1511 profitetur
485 1431 518 1490 et
548 1426 703 1490 maluisse
733 1427 843 1509 potius
870 1429 1057 1511 ostendere,
1088 1429 1164 1515 quid

151 1515 306 1599 iniquitas
341 1516 445 1581 soleat
477 1519 710 1598 tyrannorum,
748 1535 845 1598 quam
881 1517 1008 1580 iustitia
1041 1517 1206 1582 Graecam

150 1606 329 1687 permittat.
382 1602 427 1668 Et
459 1607 535 1688 post
565 1603 646 1667 haee
678 1603 784 1667 curari
816 1602 965 1669 homines
998 1604 1165 1669 liberalius
1184 1617 1229 1668 45.

150 1692 241 1756 iubet
263 1692 500 1776 participatque
520 1691 669 1758 convivio
689 1691 809 1774 dapsili
828 1695 861 1756 et
879 1692 1048 1758 adfluente.
1084 1692 1165 1757 llius

152 1782 292 1846 convivii
315 1785 460 1866 tempore
489 1803 561 1846 oum
585 1802 667 1846 unus
691 1802 866 1845 enumero
890 1781 1071 1866 legatorum
1094 1803 1167 1866 pro

153 1870 307 1935 ditionem
328 1893 456 1956 quoque
475 1870 538 1935 sibi
556 1871 643 1955 regis
660 1868 752 1934 Darii
772 1870 965 1955 subsereret,
981 1870 1166 1954 prohibitus

153 1959 194 2022 ab
225 1959 337 2024 eodem
369 1963 420 2024 est
451 1959 587 2024 ulterius
622 1981 721 2043 super
750 1959 812 2025 hae
840 1980 875 2024 re
906 1959 1038 2044 addere,
1069 1981 1166 2044 quam

46 2112 49 2116 .
152 2049 358 2132 promiserat,
381 2048 574 2132 praesertim
597 2069 671 2112 eum
694 2049 731 2131 is,
755 2048 809 2131 qui
832 2049 897 2113 ista
920 2049 1067 2133 dixisset,
1091 2070 1166 2113 mox
1181 2072 1207 2111 ro

154 2135 194 2200 ad
216 2157 326 2221 regem
348 2137 509 2202 rediturus
533 2136 683 2202 fortunae
707 2140 817 2220 posset
845 2159 959 2202 ansam
987 2137 1167 2221 improspe-

153 2247 224 2288 ram
248 2225 337 2304 dare,
366 2246 405 2288 ne
434 2248 498 2310 qua
527 2226 568 2288 ab
596 2225 669 2307 ipso
699 2246 826 2308 quoque
848 2225 992 2309 proditio
1016 2229 1072 2289 aut
1094 2247 1167 2309 pro-

154 2312 288 2386 ditionis
321 2335 418 2377 eausa
451 2316 669 2398 quaereretur.
722 2310 776 2375 ‘Iu
805 2314 892 2378 enim
919 2314 1049 2378 demum
1078 2311 1166 2399 ag0,'

154 2400 275 2483 inquit,
312 2399 394 2465 ‘non
427 2405 496 2466 tam
528 2403 592 2464 mei
624 2399 786 2465 commodi
823 2422 900 2465 eura
938 2422 1035 2484 quam
1067 2402 1167 2466 vestri

155 2491 336 2572 metuoque,
355 2509 395 2552 ne
415 2489 555 2572 cuipiam
573 2489 651 2552 mali
671 2509 781 2552 semen
801 2510 838 2552 ao
851 2488 1044 2572 principium
1059 2490 1168 2554 videar
1182 2514 1208 2555 aa

154 2575 379 2659 praestitisse?
431 2578 482 2641 Ad
511 2576 592 2641 haee
619 2576 737 2641 Persae
766 2577 874 2652 verbis
904 2577 1168 2643 honoratioribus

156 2665 279 2750 gratias
299 2665 505 2750 confitentur,
525 2686 627 2749 neque
648 2665 770 2730 detenti
790 2665 876 2729 ultra
890 2665 1065 2752 donatique
1080 2669 1167 2732 omni

156 2776 244 2833 auro,
264 2754 351 2839 quod
371 2776 479 2820 seeum
498 2755 533 2819 in
553 2753 669 2818 loculis
685 2754 888 2840 advexerant,
908 2755 948 2819 ad
966 2777 1076 2841 regem
1094 2779 1168 2826 oum

155 2843 275 2908 litteris
298 2844 518 2927 remittuntur,
542 2865 623 2926 quae
645 2843 734 2908 fuere
756 2843 954 2910 huiusmodi:

235 3070 294 3126 139.
329 3070 523 3127 ldefensaret
543 3071 576 3126 P.
659 3077 730 3126 201
749 3072 889 3127 sententia
907 3074 982 3128 A.P.
1019 3073 1089 3127 haee
1108 3087 1169 3126 sen-

155 3141 246 3196 tentia
265 3148 292 3196 r.
370 3145 450 3197 best
467 3143 569 3267 forma}
590 3143 634 3197 est
653 3159 721 3198 corr.
741 3160 774 3197 ex
793 3144 822 3198 et
839 3144 875 3198 A.
895 3146 925 3199 et
944 3144 978 3198 P.
1057 3145 1120 3197 'let
1139 3158 1169 3196 se

156 3227 207 3266 om.
226 3218 253 3267 Τ.
310 3213 415 3267 8haee
434 3229 484 3267 om.
504 3219 532 3266 Τ.
565 3257 571 3269 .
608 3213 716 3268 diceret
733 3220 761 3267 Τ.
820 3219 854 3268 10
873 3216 901 3268 et
918 3214 1128 3269 moderaturum
1141 3220 1169 3269 Τ.

158 3287 191 3336 18
211 3283 454 3338 subsereretA.P.
486 3283 686 3339 subsederetr.
742 3291 776 3338 22
795 3283 831 3338 ab
851 3282 913 3354 ipso
924 3285 990 3340 nP.
1019 3286 1055 3339 ab
1073 3283 1123 3338 illo
1135 3287 1169 3341 A.

157 3359 191 3407 23
211 3356 392 3423 quaereretur
402 3354 479 3409 A.P.
507 3354 673 3424 proderetur
684 3362 712 3410 Τ.
749 3360 784 3408 24
803 3370 897 3408 euram
907 3355 972 3409 nP.
1010 3359 1045 3410 25
1063 3357 1170 3410 metuo·

157 3441 211 3492 que
229 3426 307 3479 A.P.
380 3426 475 3479 metuo
494 3442 605 3494 quoque
624 3432 650 3479 Τ.
732 3424 801 3478 mali
821 3441 915 3478 semen
935 3426 981 3496 ae]
1001 3425 1091 3480 malus
1110 3425 1170 3480 eius

156 3497 206 3616 aut
225 3495 256 3549 P.
330 3501 363 3551 27
384 3497 460 3550 omni
480 3513 513 3550 eo
533 3513 600 3550 auro
615 3496 647 3550 P.
721 3501 754 3549 29
773 3495 852 3548 fuere
871 3511 939 3549 corr.
959 3513 992 3551 ea
1010 3497 1120 3551 futurae
1135 3497 1169 3550 A.

169 3569 270 3621 uerunt
289 3567 324 3621 P.

209 3665 296 3706 Iumus
310 3666 445 3707 Vannarns.
994 3659 1011 3704 4
