2648 3922
451 189 568 246 ORTUS
588 190 810 247 ALEXANDRI.
1092 192 1136 256 45

123 376 161 418 ac
184 353 339 417 firmitate
363 355 550 436 congestos,
572 354 765 436 praesertim
788 353 927 438 undique
950 352 1137 418 fluminibus

123 440 396 524 emanantibus,
423 444 459 504 ut
482 462 649 507 murorum
673 463 798 526 quoque
821 442 967 526 ipsorum
990 441 1070 506 baec
1094 444 1138 507 sit

122 531 218 595 firma
236 529 392 612 mnniti03
416 528 520 594 aditus
539 551 635 614 porro
655 533 768 596 tenues
789 531 993 616 angustique,
1012 530 1137 615 'quique

124 618 309 704 agminibus
334 617 531 683 militaribus
555 617 726 683 inviabiles
752 623 850 703 atque
878 620 963 686 exim
991 620 1138 684 occursui

123 707 296 793 perfaciles
315 706 505 772 habeantur.
538 704 637 772 Cuius
657 707 786 791 quidem
804 708 851 771 111
869 708 940 790 ipse
958 707 1165 792 perieulums

123 797 243 862 certius
266 795 414 880 fecerim,
442 795 590 879 quamvis
617 795 680 860 huc
708 818 806 860 manu
833 818 948 881 parva,
976 818 1043 861 non
1065 818 1139 861 con-

125 889 261 969 gregato
285 884 429 949 exercitu
450 904 675 950 commearem.
716 883 891 950 Enimvero
910 883 990 950 haec
1013 888 1063 951 est
1082 885 1138 949 illa

10 1037 11 1046 ,
125 973 259 1038 deorum
283 974 431 1058 aequitas
455 993 493 1038 ac
515 973 731 1057 providentia,
755 969 882 1057 utros,
906 974 1024 1058 quiex
1047 973 1139 1038 uber-

124 1066 193 1126 tate
226 1066 332 1126 torrae
364 1061 561 1144 praecluatis
594 1064 692 1146 atque
725 1062 776 1126 bis
808 1061 997 1127 fluminibus
1030 1062 1139 1136 obval-

125 1150 253 1230 111111111,
290 1171 403 1215 eorum
440 1149 628 1215 violentiam
666 1151 830 1234 sentiatis,
872 1151 930 1235 qui
970 1151 1035 1216 ista
1071 1172 1178 1216 n0n1o

125 1239 278 1306 babeant.
328 1237 454 1323 Quippe
484 1238 525 1303 ad
552 1238 637 1303 hanc
665 1240 866 1323 opulentiam
893 1261 1002 1304 rerum
1031 1239 1060 1304 si
1089 1241 1140 1306 vis

126 1349 253 1413 quoque
282 1331 315 1392 et
343 1327 484 1392 militare
512 1327 605 1393 vobis
634 1328 823 1393 exercitium
852 1327 1021 1411 adfuisset,
1048 1329 1140 1393 nulla

125 1417 272 1501 profecto
296 1438 375 1502 gens
398 1417 496 1498 foret,
524 1437 607 1500 quae
630 1416 755 1482 duabus
778 1417 867 1481 hisee
890 1417 1041 1483 fortunae
1065 1418 1141 1482 viri·
1178 1478 1184 1489 ,

126 1507 187 1570 bus
216 1506 373 1571 obviaret.
423 1505 485 1569 nst
512 1504 614 1587 igitur
641 1506 689 1569 ita
716 1508 835 1570 natura
863 1506 1075 1589 descriptum,
1103 1509 1141 1570 ut

126 1595 182 1678 qui
209 1594 275 1657 ista
302 1615 411 1658 rerum
439 1593 606 1678 opulentia
636 1594 703 1657 sint
733 1593 862 1678 donati,
890 1593 977 1658 idem
1008 1593 1141 1658 careant
1155 1613 1180 1655 15

126 1681 253 1748 bellicis
277 1682 413 1765 viribus,
435 1685 472 1746 ut
495 1682 524 1746 si
548 1682 624 1765 quid
646 1682 707 1766 illi,
732 1683 788 1766 qui
812 1682 910 1747 armis
934 1685 967 1746 et
990 1682 1141 1747 manibus

128 1771 307 1857 indulgent,
330 1769 369 1835 de
388 1770 458 1835 solo
477 1770 614 1854 genitali
632 1770 833 1857 indigebunt,
857 1771 898 1835 ab
918 1770 1142 1836 huiuscemodi

10 1865 11 1876 ¹
129 1858 344 1924 adfluentibus
367 1857 502 1943 petant?
548 1858 646 1925 Hisce
675 1860 770 1924 dietis
799 1860 901 1945 exigit
923 1861 1072 1944 protinus
1101 1860 1142 1924 ab

128 1947 316 2034 Aegyptiis,
343 1953 381 2012 ut
404 1947 560 2032 quidquid
587 1947 668 2012 illud
691 1970 847 2032 pensuros
877 1969 946 2013 sese
969 1947 1070 2014 Dario
1092 1970 1143 2013 re-

130 2038 305 2122 cepissent,
337 2036 371 2100 id
401 2037 531 2101 sibimet
560 2036 730 2121 inferrent,
763 2038 849 2123 quod
880 2039 1009 2122 quidem
1040 2059 1077 2102 1ο
1108 2059 1142 2102 11
1157 2057 1183 2097 ao

128 2132 239 2211 petere
262 2128 401 2190 testatus
425 2129 484 2209 est,
506 2147 575 2191 non
597 2129 635 2191 nt
658 2126 775 2211 opibus
795 2126 861 2197 suis
880 2127 1023 2192 indidem
1042 2127 1143 2191 111111-

130 2215 233 2279 menti
251 2214 375 2297 aliquid
388 2218 567 2298 pareretur,
585 2214 748 2280 enimvero
767 2218 804 2280 ut
822 2215 1034 2279 exstruendae
1055 2214 1144 2279 urbis

129 2303 216 2366 foret
247 2303 433 2368 substantia
465 2302 599 2386 largior.
648 2302 745 2367 Haud
777 2307 967 2368 cunctanter
999 2303 1033 2367 in
1064 2302 1145 2368 haec

130 2390 286 2475 Aegyptii
319 2391 539 2476 obsequuntur
570 2391 717 2474 datisque
746 2392 892 2475 pecuniis
922 2395 955 2456 et
984 2391 1145 2457 honorata

131 2479 323 2545 deductione
354 2501 412 2564 per
443 2478 607 2544 Pelusium
639 2478 868 2564 properantem
901 2479 987 2545 votis
1019 2481 1184 2562 pariterue

132 2571 165 2634 11
187 2590 263 2633 vero
288 2590 397 2633 amore
421 2571 668 2652 prosequuntur.

222 2655 280 2723 35.
308 2657 432 2722 Rursus
456 2657 559 2742 igitur
581 2659 712 2741 recepto
736 2656 825 2720 omni
849 2656 991 2722 exercitu
1014 2660 1047 2722 ot
1091 2661 1202 2719 XXXV.

132 2744 166 2808 in
194 2743 307 2829 Syrias
334 2746 449 2810 itinere
477 2746 640 2810 destinato
668 2744 764 2810 urbes
792 2766 860 2829 eas,
887 2767 945 2830 per
973 2768 1053 2830 quas
1082 2747 1147 2812 sibi
1164 2746 1209 2800 39.
1278 2819 1283 2834 .

132 2834 292 2899 transitus
315 2834 415 2920 foret,
441 2833 568 2899 nomini
597 2856 655 2899 suo
685 2834 788 2918 addit,
818 2834 901 2899 unde
929 2835 1017 2900 mille
1045 2837 1145 2901 etiam

224 3065 238 3113 1
258 3077 292 3116 ae
310 3077 361 3116 om.
380 3061 413 3116 P.
500 3068 516 3115 2
535 3063 759 3117 convellentibus
780 3063 814 3116 P.
905 3063 1148 3118 accusaveras

136 3130 248 3185 ‘aditus
275 3131 377 3201 porro'
405 3149 474 3202 qaae
497 3149 583 3202 1111111
607 3134 645 3189 od
668 3135 750 3200 finem
774 3134 858 3189 baius
885 3135 984 3203 capitis
1012 3133 1149 3202 legantur,

133 3202 283 3258 desentire
301 3202 334 3258 P.
389 3209 406 3257 4
426 3203 552 3258 occursui
571 3210 597 3260 Τ.
625 3218 742 3259 occursu
760 3205 795 3260 A.
855 3209 871 3258 6
890 3222 975 3259 manu
994 3219 1082 3273 parva
1100 3209 1148 3258 etc.

134 3273 170 3339 cf.
189 3273 252 3328 init.
271 3290 332 3344 cap.
347 3277 391 3329 33.
429 3277 630 3344 congregatum
649 3274 801 3329 exercitum
820 3282 847 3331 1.
928 3280 1149 3329 'loommearem

134 3359 185 3398 om.
205 3351 233 3400 Τ.
289 3344 486 3400 8111111111.
513 3361 563 3400 om.
581 3345 617 3400 A.
675 3350 708 3399 14
725 3345 767 3401 ita
785 3352 813 3400 Τ.
839 3363 889 3402 om.
909 3346 944 3400 A.
1001 3350 1034 3399 15
1054 3344 1148 3414 quir.

135 3415 198 3483 quis
218 3414 254 3472 A.
291 3416 391 3470 donati
409 3423 435 3470 r.
463 3415 568 3472 donata
586 3416 621 3470 A.
727 3418 922 3473 1711111111
967 3417 1003 3471 ab
1021 3417 1149 3472 huiusce·

135 3485 213 3541 modi
232 3493 259 3540 r.
286 3485 481 3542 huiuscemodi
499 3488 534 3541 A.
608 3491 641 3541 22
661 3489 775 3556 paretur
792 3494 820 3543 ’.1.

224 3557 274 3613 35.
301 3562 335 3611 27
354 3561 468 3628 recepto
486 3557 564 3613 A.P.
591 3561 668 3614 recto
687 3565 713 3612 r.
