2650 3920
158 185 222 250 112
370 127 377 138 ¹
572 183 680 240 LIBER
697 183 745 238 III.

155 353 327 433 utrumque
351 351 509 431 vestrum,
533 347 742 413 ofertissimi
765 347 901 433 milites,
924 347 1019 431 quive
1042 367 1168 413 mecum

156 436 350 503 Macedones
364 437 428 502 huc
441 435 586 519 venistis,
605 435 701 519 quive
715 434 833 501 Persae
852 436 977 520 experti
995 436 1167 519 imperium

156 529 233 610 post
264 525 435 590 victoriam
466 545 551 590 nunc
583 524 664 589 mihi
696 525 924 600 commilitium
960 524 1168 609 profitemini.

157 614 262 700 Igitur
284 615 319 677 in
343 635 513 680 commune
537 612 630 678 vobis
654 612 775 677 dictum
802 613 864 678 hoc
886 612 1054 698 habetote,
1081 614 1168 697 quod

130 704 187 768 ssi
214 724 266 767 me
295 703 400 768 solum
427 702 474 766 ire
502 702 537 766 in
559 700 657 766 ludos
686 722 862 785 eorumque
888 701 976 766 bella
1004 701 1169 786 decrestis,

157 790 275 856 faciam
307 790 340 855 id
374 790 503 876 quidem
535 789 715 874 intrepidus
752 811 789 855 ac
821 790 938 856 libens.
990 789 1167 856 Enimvero

157 902 258 944 unum
277 880 480 964 admoneam,
499 878 585 963 quod
608 879 827 964 adtestemini,
849 878 932 944 nihil
951 899 1022 944 esse
1040 879 1168 963 mirum,

158 969 186 1033 si
215 967 256 1033 ad
283 968 393 1033 futura
422 988 548 1052 quoque
571 966 759 1032 discrimina
789 967 879 1032 solus
909 967 955 1031 ire
980 968 1168 1054 compellar,

158 1079 232 1122 oum
250 1057 414 1140 prioribus
438 1077 565 1141 quoque
589 1055 679 1121 solus
703 1055 804 1120 adimi
824 1055 943 1120 virtute
967 1056 1169 1121 subiecerim.

118 1167 144 1210 ro
248 1143 282 1211 2.
319 1144 432 1228 Neque
455 1143 536 1209 mihi
558 1147 609 1208 est
633 1143 782 1223 arduum,
805 1142 997 1210 Macedones
1021 1145 1094 1229 mei,
1118 1166 1168 1210 ea·
1188 1157 1216 1209 3.

159 1234 232 1300 dem
256 1233 422 1298 consulere
444 1253 539 1317 nunc,
562 1232 680 1317 quibus
703 1254 763 1298 vos
786 1235 892 1298 rectos
915 1233 950 1297 in
972 1233 1056 1299 hanc
1079 1234 1168 1299 solus

157 1322 398 1406 possessionem
420 1321 579 1386 victoriae
603 1321 762 1406 duxerim,
786 1322 856 1387 sola
883 1322 984 1387 ferme
1012 1321 1169 1389 111111111-

157 1409 324 1492 paratoria
345 1409 491 1475 militans
519 1411 554 1475 in
581 1410 685 1496 hisee,
713 1431 793 1495 quas
820 1410 1014 1476 confecerim
1042 1411 1170 1496 expedi·

156 1497 278 1582 tiones,
314 1498 379 1564 nisi
408 1500 493 1565 forte
526 1499 616 1565 istud
650 1522 669 1564 a
703 1521 755 1565 me
786 1499 996 1584 adrogantius
1028 1521 1066 1564 ac
1101 1520 1170 1564 non

120 1587 264 1652 roverius
288 1587 409 1653 dictum
433 1610 503 1654 esse
525 1588 702 1672 miremini,
730 1609 803 1653 cum
829 1609 929 1654 unum
952 1587 1087 1673 quodvis
1110 1588 1168 1653 im-

158 1676 358 1760 peratorium
394 1678 525 1760 sapiens
561 1677 766 1761 prudensque
807 1677 990 1741 consultum
1025 1680 1171 1761 praestet

158 1785 292 1828 manum
326 1765 504 1829 multorum
536 1764 754 1828 inconsultius
788 1764 1016 1829 laborantium.
1071 1764 1170 1831 Reco-

158 1851 306 1934 gnoscite
333 1851 396 1936 igit
397 1873 435 1914 ur
457 1851 580 1936 pariter
603 1855 636 1915 et
657 1852 836 1932 recensete,
864 1873 907 1916 an
929 1873 988 1916 vos
1017 1875 1170 1937 umquam

158 1938 315 2003 subiicere
333 1938 482 2023 potuisse
505 1942 556 2002 tot
542 1939 644 2002 tiliis
664 1937 754 2001 Darii
774 1938 904 2002 milibus
928 1960 966 2003 ac
985 1939 1052 2005 fort
1052 1941 1170 2005 itudini

118 2027 331 2112 reputaretis,
359 2047 441 2111 quae
465 2047 526 2128 ego
549 2027 700 2111 princeps
724 2047 850 2109 semper
873 2026 1010 2091 militiae
1032 2028 1168 2092 laboris-

159 2137 219 2202 que
255 2137 381 2200 semper
416 2115 526 2180 dux'
516 2138 551 2179 111
587 2115 761 2198 proeliis
751 2115 951 2200 msupersvi,
985 2115 1048 2180 nisi
1084 2115 1169 2181 forte

159 2206 231 2271 aliis
255 2204 390 2271 addubit
391 2205 521 2270 antibus
544 2203 799 2288 timentibusque
829 2206 958 2289 egomet
979 2204 1054 2306 ipse
1082 2205 1170 2290 lega·

158 2296 280 2360 tionem
299 2296 363 2360 mei
386 2294 472 2378 apud
487 2293 622 2358 Darium
645 2293 751 2358 facere
774 2292 931 2375 dubitavi,
952 2292 1018 2357 nisi
1041 2294 1171 2379 uspiam

159 2405 210 2448 me
234 2387 439 2449 cunctantem
464 2386 521 2448 aut
543 2383 680 2447 residem
704 2382 739 2446 in
761 2381 885 2465 proelio
910 2381 1098 2448 denotastis.
1136 2381 1171 2448 si

120 2493 145 2534 as
160 2493 238 2558 erge
266 2472 360 2537 vobis
391 2471 554 2537 istasunt
579 2471 684 2537 amica
709 2471 857 2553 consilia,
886 2471 936 2535 uti
964 2470 1091 2537 deserto
1120 2493 1170 2536 me

160 2561 298 2626 solitarii
318 2560 358 2625 ad
376 2559 601 2626 Macedoniam
619 2558 791 2643 repedetis,
809 2559 855 2623 ite
874 2581 963 2624 sane:
987 2559 1093 2625 libens
1112 2581 1170 2626 vos

159 2649 244 2713 votis
263 2649 514 2732 properantibus
528 2670 717 2732 prosequar,
735 2647 832 2712 modo
847 2647 875 2712 si
890 2648 1041 2713 concordi
1061 2649 1168 2713 animo

159 2735 192 2798 id
215 2735 319 2799 facere
342 2737 477 2821 possitis
509 2757 613 2821 neque
637 2736 829 2800 dissidentes
858 2735 893 2799 in
915 2737 1004 2800 nulla
1027 2736 1171 2820 pericula

159 2823 389 2908 prolabamini,
418 2846 457 2887 ex
481 2825 552 2908 quis
574 2824 669 2888 facile
693 2823 835 2889 noscatis
859 2846 987 2889 omnem
1011 2825 1170 2890 exereitus

119 2932 146 2974 ao
160 2913 325 2978 fortunam
348 2914 445 2995 atque
463 2913 617 2977 virtutem
637 2912 814 2977 consistere
832 2912 866 2976 in
886 2914 993 2978 animo
1014 2913 1171 2997 sapientis

159 2999 386 3086 imperatoris?
428 2998 490 3064 His
510 3000 627 3064 auditis
651 3000 738 3065 haud
761 3000 858 3065 dubie
881 3007 1013 3066 cunctos
1038 3003 1170 3085 [pudor]

249 3199 266 3247 4
284 3193 387 3249 habeto
407 3192 443 3249 B.
516 3192 627 3249 obella
645 3208 695 3249 om.
716 3191 790 3248 RB.
820 3194 939 3249 decretis
959 3195 993 3248 A.

249 3263 279 3319 2.
313 3269 348 3319 13
365 3264 410 3319 his
429 3263 462 3318 P.
524 3271 558 3318 14
576 3281 609 3319 ac
628 3280 685 3319 non
702 3262 796 3320 verius
815 3280 864 3321 cm.
885 3265 918 3319 P.
981 3265 1171 3321 1111111111.

160 3333 194 3385 ut
210 3333 268 3387 illis
287 3332 349 3388 dari
367 3335 402 3390 A.
435 3338 467 3390 ut
486 3334 544 3389 illis
563 3333 635 3389 darii
656 3335 690 3391 P.
727 3334 858 3390 fortitudi
876 3336 912 3391 A
989 3341 1023 3391 20
1043 3354 1115 3406 quae
1136 3336 1171 3391 P.

162 3403 289 3525 qttt.
331 3405 583 3531 seruent
621 3412 665 3531 11
682 3423 718 3530 1
722 3355 1072 3535 111111111111114
1089 3425 1174 3534 1111

161 3485 220 3591 bila
238 3539 271 3592 P.
345 3549 379 3597 29
397 3546 580 3613 prolibamini
598 3548 634 3602 A.
707 3552 740 3602 31
760 3547 850 3617 pudor
868 3494 990 3605 addidi.
