2654 3926
465 241 581 295 ORTUS
599 239 821 303 ALEXANDRL
1109 243 1152 307 65

136 406 314 470 revertitur
346 405 385 469 ad
418 425 526 490 regem
560 381 773 469 coronandus.
829 401 891 468 Sed
924 407 964 470 ab
1004 429 1040 472 eo
1079 427 1151 471 oum
1171 427 1218 478 69.

138 497 307 577 quaereret
336 515 452 577 praeco
482 515 570 557 more
602 493 770 576 sollemni,
800 493 871 577 quis
903 498 989 558 esset
1020 496 1152 560 nomine

137 602 274 665 quemve
299 604 332 646 se
357 582 459 646 civem
482 582 702 667 profiteretur,
725 583 761 644 ut
783 581 864 644 illud
889 603 927 644 ex
950 605 1039 648 more
1062 606 1152 667 prae·

139 670 313 754 dicaretur,
337 668 575 735 Clitomachum
599 670 728 754 quidem
752 691 786 734 se
810 670 971 754 appellari
994 672 1054 754 ait,
1078 673 1151 736 civi-

17 786 20 793 ·
138 761 241 822 tatem
264 779 340 824 vero
364 759 483 822 habere
508 759 639 823 desisse.
686 756 749 822 Sed
774 758 807 822 id
832 780 903 822 cum
928 759 1056 822 coronis
1079 760 1176 830 red-5

93 845 95 852 ’
140 845 216 910 ditis
249 847 314 910 iam
349 847 460 911 deesse
493 846 614 912 diceret
648 845 833 910 Alexander
865 846 988 930 gloriae
1020 847 1153 912 victoris

139 934 238 1018 illius,
262 935 352 998 addit
370 933 594 1001 Clitomachus
619 935 696 999 olim
721 957 755 998 se
777 935 931 999 habuisse
956 935 1055 1000 etiarn
1079 935 1153 1000 civi·

138 1026 249 1107 tatem,
269 1022 323 1087 sed
338 1024 529 1108 priusquam
543 1023 728 1088 Alexander
746 1043 883 1107 regnum
903 1022 1039 1108 adeptus
1054 1023 1151 1107 foret3

139 1133 177 1176 eo
205 1133 283 1176 vero
311 1113 493 1196 imperante
523 1113 586 1176 sibi
609 1112 750 1196 patriam
778 1113 948 1196 deperisse.
995 1111 1080 1176 Hinc
1107 1113 1153 1175 in·

138 1199 286 1283 tellecta,
314 1222 376 1284 quo
401 1204 551 1285 pergeret
574 1200 713 1265 intentio
738 1201 954 1286 deprecaturi,
981 1202 1029 1265 uti
1058 1223 1192 1270 suumn

141 1291 241 1371 esset,
269 1287 355 1372 quod
383 1288 437 1351 ille
466 1288 551 1352 foret
573 1309 633 1371 pro
660 1289 768 1371 patria
789 1291 963 1373 petiturus,
992 1289 1073 1354 edici
1095 1311 1153 1373 per

138 1397 331 1461 praeconem
362 1377 468 1440 iubet:
502 1375 597 1441 condi
629 1374 758 1440 Thebas
793 1399 862 1440 esse
892 1377 1086 1461 permissum
1118 1379 1154 1442 in

24 1491 26 1495 ·
138 1465 296 1530 honorem
316 1465 441 1530 scilicet
464 1464 562 1528 trium
583 1463 725 1548 deorum,
748 1463 910 1547 Mercurii,
934 1467 988 1548 qui
1007 1470 1154 1550 repertor

138 1553 284 1618 luctandi
312 1553 412 1632 cluat,
442 1552 670 1636 Herculisque,
698 1553 754 1637 qui
779 1552 958 1636 pugillatus
984 1554 1153 1638 invenerit,

137 1639 281 1706 Pollucis
307 1643 421 1726 etiam,
446 1642 501 1726 qui
528 1641 670 1705 cestibus
697 1643 740 1704 sit
765 1641 931 1724 magister.
972 1639 1086 1725 quue
1111 1642 1153 1706 ef·
1167 1673 1193 1712 15

138 1729 259 1794 fectum
291 1734 352 1814 est,
382 1730 431 1794 uti
461 1730 629 1795 oraculum
659 1728 824 1814 Apollinis
855 1733 1050 1814 congrueret
1080 1753 1153 1796 cum

138 1817 316 1882 Alexandri
338 1819 610 1903 pronuntiatione.

230 2014 244 2062 1
264 2011 382 2065 revertit
401 2012 434 2065 P.
498 1985 525 2064 Ι2
546 2013 575 2066 et
592 2027 694 2079 praeeo
713 2009 750 2064 A.
825 2015 840 2064 6
859 2010 1013 2066 Alexandri
1031 2027 1099 2066 corr.
1119 2028 1153 2066 aa

140 2079 299 2135 Alexander
317 2081 351 2136 A.
390 2081 481 2136 victor
499 2083 535 2135 A.
592 2087 625 2136 10
645 2079 822 2150 deprecaturi
835 2082 911 2138 A.P.
937 2085 969 2137 aa
988 2081 1015 2136 A
1034 2097 1102 2137 corr.
1122 2084 1154 2137 ia

142 2150 325 2221 deprecantis.
401 2157 433 2207 11
452 2152 497 2206 illi
514 2152 548 2207 P.
585 2168 636 2221 per
654 2167 819 2222 praeconem
835 2157 863 2207 Τ.
889 2169 1055 2220 praeconem
1075 2153 1110 2207 A.
1119 2154 1152 2206 P.

142 2226 174 2274 13
193 2222 327 2276 honorem
341 2223 398 2278 Mr.
426 2224 533 2276 honore
547 2224 582 2278 A.
590 2223 622 2276 P.
675 2227 708 2276 14
726 2220 881 2291 pugillatos
898 2223 931 2278 P.
992 2223 1154 2291 Subscripto

141 2296 206 2344 suat
224 2293 256 2346 ta
273 2291 301 2345 A
316 2297 341 2346 et
356 2293 384 2347 P
400 2293 479 2348 huso:
500 2292 577 2347 ‘Iulii
591 2293 697 2347 Valerii
711 2291 864 2346 Alexandri
877 2292 1038 2348 Macedonis
1053 2293 1153 2347 Trans-

140 2359 217 2414 latae
241 2362 390 2428 (translata
413 2363 451 2431 P)
474 2381 508 2418 ex
531 2365 642 2432 Aesopo
667 2361 774 2417 Graeco
797 2362 881 2415 Liber
906 2362 1016 2417 Primus
1039 2365 1155 2433 explicit
1202 2370 1207 2378 '

141 2432 202 2500 (om.
223 2432 261 2500 A)
282 2430 336 2496 Qui
353 2433 406 2486 Est
424 2432 517 2487 Ortus.
555 2433 686 2488 Eiusdem
703 2432 807 2501 Incipit
825 2433 909 2487 Liber
934 2435 1069 2488 secundus
1091 2433 1154 2488 ieli-

140 2518 225 2573 citer’
250 2520 282 2573 ia
300 2527 331 2574 T:
357 2519 432 2573 IVLI
451 2520 586 2574 VALERI
606 2520 819 2576 ALEXANDRI
837 2507 903 2574 V'o‘r
917 2519 1052 2575 POLEMI
1071 2521 1153 2574 ALE-

140 2605 283 2660 XANDRI
308 2607 521 2662 MACEDONIS
547 2607 663 2662 ORTVS
688 2607 799 2662 LIBER
821 2608 958 2664 PRIMVS
981 2598 1076 2663 affl.
1101 2608 1155 2662 IN-

140 2683 220 2749 ciffi
239 2695 358 2752 ACTVS
377 2695 541 2753 EIVSDEM
559 2695 669 2750 LIBER
687 2696 884 2752 SECVNDVS.
