2650 3920
176 188 240 252 104
599 191 708 246 LIBER
726 193 759 246 Il.

265 349 323 419 32.
347 351 482 437 Iamque
497 355 656 419 exercitus
670 353 884 421 Macedonum
902 377 1013 421 rursus
1029 355 1188 443 Strangae
1208 370 1253 424 35.

174 440 346 505 memorati
373 441 494 506 fluenta
521 443 749 508 transmiserat
777 447 810 508 et
833 443 1016 510 Alexander
1038 447 1187 530 protinus

173 529 402 611 superveniens
428 531 567 615 regiam,
591 532 625 595 in
654 553 718 615 qua
746 531 913 597 obversari
935 531 1071 598 Darium
1100 555 1186 601 com·

174 622 315 700 parerat,
343 619 462 683 cursim
489 619 649 704 inrumpit
678 641 815 705 eumque
841 641 953 687 recens
980 623 1187 689 vulneratum

148 709 272 789 satque
292 704 395 772 adhuc
415 707 594 791 spira-ntem
613 709 774 773 miscriter
793 709 935 774 offendit.
973 708 1037 775 Sed
1059 712 1093 776 id
1113 711 1186 776 Ale·

174 793 298 870 xandro
326 797 414 860 ultra
437 797 607 880 opiniones
636 798 782 863 omnium
810 797 918 863 flebile
946 803 979 864 et
1002 800 1187 865 luctuosum

176 880 349 948 admodum
376 883 449 949 fuit.
498 883 621 950 Videns
650 887 736 950 enim
763 887 957 972 participem
986 888 1075 954 illius
1104 889 1187 972 regii

174 972 317 1036 nominis
346 993 383 1036 ac
411 973 593 1038 maiestatis
621 974 702 1038 adeo
731 974 847 1039 misere
870 975 1000 1040 vivendi
1023 977 1188 1042 clausulae
1299 983 1314 1008 ⁴

175 1060 402 1144 reluctantem,
430 1061 510 1126 flens
539 1062 726 1146 eiulansque
754 1063 873 1128 iacenti
900 1063 1025 1129 homini
1053 1065 1189 1131 circum-

135 1147 335 1232 refunditur,
363 1170 499 1232 eumque
527 1151 804 1234 amplexabundus
834 1156 867 1217 et
895 1157 1069 1238 contegens
1096 1155 1188 1238 regia

177 1235 362 1320 chlamyde
380 1237 414 1300 in
441 1237 523 1303 haec
550 1239 650 1304 verba
678 1240 814 1305 solatur:
843 1239 958 1326 ‘Erige
986 1246 1032 1326 te,
1060 1263 1189 1326 quaeso,

175 1323 289 1408 Darie,
312 1347 372 1390 nec
395 1325 538 1392 deseras:
564 1328 591 1392 si
615 1329 691 1412 quid
715 1329 802 1393 enim
826 1350 865 1393 ex
889 1331 997 1395 animo
1021 1334 1079 1414 est,
1103 1330 1188 1415 quod

176 1412 322 1496 iusseris,
350 1417 458 1479 ratum
486 1415 607 1482 habeto
635 1437 737 1502 regna
765 1421 798 1482 te
825 1421 883 1484 tua
909 1422 1114 1503 recepturum
1141 1418 1188 1482 fu-

176 1505 348 1585 turumque
371 1525 482 1568 rursus
507 1504 609 1589 illum,
632 1507 687 1588 qui
709 1505 830 1571 fueris?

136 1607 162 1648 15
267 1586 325 1657 33.
363 1588 426 1656 Sed
449 1593 490 1656 ad
517 1593 599 1659 haec
625 1591 744 1659 Darius
774 1594 932 1679 exsangui
959 1595 1024 1660 iarn
1053 1616 1188 1678 corpore
1209 1607 1256 1660 36.

176 1700 250 1743 cum
273 1700 351 1745 voce
375 1680 474 1745 etiam
499 1682 538 1745 ad
562 1681 703 1766 primum
722 1683 882 1766 impetum
902 1684 1098 1767 deficeretur,
1121 1706 1188 1748 ma-

175 1789 236 1831 nus
261 1768 422 1853 supplices
445 1769 580 1833 tendens
609 1769 857 1855 adtrectansque
881 1791 988 1856 genua
1011 1771 1190 1837 Alexandri

177 1855 364 1920 adsistentis
389 1861 421 1921 et
439 1856 682 1940 circumplexus,
702 1861 739 1920 ut
757 1861 895 1942 poterat,
917 1860 1048 1924 tandem
1067 1861 1189 1926 talibus

176 1944 332 2028 loquitur:
362 1945 469 2009 ‘Licet
498 1945 578 2008 mihi
600 1944 680 2027 iam,
703 1943 885 2009 Alexander
912 1945 1188 2032 victoriosissime,

35 2067 39 2076 ·
135 2051 162 2090 so
176 2033 209 2096 in
233 2032 294 2098 hac
318 2033 496 2098 constituto
514 2032 647 2097 fortuna
664 2032 831 2097 liberalius
855 2033 987 2119 aliquid,
1011 2057 1109 2118 quam
1132 2040 1188 2122 qui

176 2120 293 2185 victuri
326 2124 415 2204 sunt,
448 2121 537 2206 loqui
574 2121 668 2204 idque
701 2143 804 2187 ame
836 2121 975 2186 amicum
1007 2123 1085 2206 tibi,
1122 2146 1190 2190 non

175 2208 336 2274 hosticum
365 2213 469 2294 putes.
519 2207 611 2274 Inter
637 2210 718 2276 haec
745 2210 845 2275 verba
872 2211 992 2277 blanda
1019 2212 1190 2297 disceptes.

176 2297 362 2381 Numquam
380 2298 483 2384 igitur
505 2301 539 2363 te
560 2299 644 2384 regii
661 2299 804 2365 nominis
827 2300 924 2365 decus
947 2301 1057 2386 tollat,
1079 2323 1138 2367 nec
1162 2303 1189 2367 si

176 2385 252 2470 quid
284 2387 436 2451 blandius
473 2386 606 2451 fortuna
642 2388 843 2473 promiserit,
880 2388 1000 2456 idcirco
1037 2393 1071 2455 te
1108 2391 1189 2456 coeli

135 2478 359 2559 incompotem
401 2475 569 2541 arbitrare.
630 2475 804 2542 Enimvero
846 2479 1026 2544 consultius
1071 2479 1190 2544 futuris

176 2585 274 2646 quam
314 2557 540 2648 praesentibus
578 2565 736 2631 consules.
789 2565 884 2632 Nihil
921 2567 1006 2632 enim
1043 2567 1190 2650 interest,

176 2651 263 2734 quod
287 2651 451 2734 dispescat
473 2653 598 2737 regiam
622 2657 768 2719 nostram
795 2657 852 2718 aut
874 2655 1060 2739 plebeculae
1084 2653 1189 2739 digni-

176 2740 287 2803 tatem.
333 2739 385 2803 En
408 2740 469 2804 tibi
493 2741 548 2806 ille
571 2739 704 2827 Darius,
726 2742 827 2826 nosti,
851 2742 969 2826 quippe
993 2743 1048 2827 qui
1071 2742 1191 2807 fuerim

265 2982 314 3040 82.
346 2983 531 3038 Amemorati
554 2985 642 3041 Mae.
675 2985 843 3041 memoranti
866 2986 901 3042 P.
933 3003 951 3041 a
975 2987 1070 3057 strage
1095 2988 1189 3043 adme-

175 3054 279 3109 morati
301 3054 339 3110 A.
411 3053 589 3108 3obversari
613 3055 645 3110 T.
674 3055 817 3111 observari
839 3055 916 3113 A.P.
989 3058 1129 3128 4irrupit
1153 3059 1188 3114 P.

177 3131 192 3179 9
207 3124 420 3194 heulansqneA.
436 3124 618 3196 eiulanusque
624 3127 657 3184 P.
685 3127 789 3182 iacenti
799 3126 908 3183 homini
918 3128 1150 3184 circumfunditur
1156 3129 1188 3184 Τ.

176 3197 283 3251 recenti
290 3196 444 3252 homicidio
454 3195 633 3252 confunditur
640 3197 675 3253 A.
695 3197 798 3253 iacenti
806 3197 959 3255 homicidio
969 3198 1189 3255 confunditurP.

178 3273 211 3320 12
231 3265 292 3389 dfari
311 3267 345 3324 P.
397 3273 430 3322 13
449 3267 555 3324 iuberis
568 3269 602 3324 P.
625 3267 730 3322 luberis
747 3267 779 3325 Τ.
802 3268 969 3339 futurusque
986 3287 1122 3340 rursuque
1140 3270 1191 3327 ille

177 3338 226 3404 qui
257 3336 330 3391 ueris
349 3339 382 3394 P.

267 3407 377 3462 81218
396 3409 529 3465 assistens
539 3410 572 3465 P.
610 3415 645 3464 20
664 3410 713 3478 qui
730 3409 834 3464 victuri
853 3412 918 3468 sunt
929 3411 1000 3469 mP.
1022 3412 1071 3481 qui
1085 3413 1191 3482 (super-

177 3476 279 3543 scripto
292 3481 374 3546 quae)
388 3480 505 3534 victoris
520 3481 585 3535 sunt
594 3480 630 3536 A.
667 3487 699 3534 21
721 3481 844 3550 quidque
855 3481 885 3536 T.
924 3487 959 3536 24
978 3482 1144 3552 promiserat
1153 3485 1192 3539 A.

179 3547 335 3613 competem
354 3549 390 3602 A.
435 3556 468 3604 26
487 3567 572 3618 quem
592 3550 668 3606 P.A.
697 3551 889 3619 sequanae.
927 3559 960 3607 21
980 3555 1030 3608 aut
1047 3554 1081 3611 P.
1104 3556 1137 3609 ut
1155 3555 1192 3609 A.
