2648 3922
169 231 214 294 44
603 228 714 284 LIBER
731 229 753 287 I.

171 392 273 480 militi
288 392 360 478 fuit,
385 393 503 478 quippe
527 391 569 456 ob
589 392 734 457 locorum
754 394 786 456 et
805 391 931 456 itineris
952 391 1186 457 difficultatem.

171 481 290 546 Omnes
313 484 423 546 tamen
448 480 589 559 adcolae,
612 502 676 564 qua
693 479 888 566 perrexisset
908 480 1099 564 Alexander,
1121 503 1188 546 una

172 592 245 635 cum
269 569 331 634 diis
355 570 551 654 deorumque
575 569 756 634 simulacris
780 569 1006 655 religiosisque
1027 571 1188 653 operatio-

172 658 267 724 nibus
300 659 432 724 obviam
464 678 600 743 pergere
632 657 850 740 festinabant,
882 658 1042 723 iuniorem
1073 655 1190 724 Seson-

147 746 297 812 cchosim
323 746 557 832 praedicantes.
604 743 711 822 Quare
739 767 812 812 cum
839 745 1008 833 Memphin
1035 747 1190 829 venisset,

172 835 341 901 inductum
360 857 433 901 aum
452 836 487 900 in
507 835 619 900 aedem
637 835 860 919 templumque
876 835 1014 902 Vulcani
1031 835 1190 920 Aegyptii

172 925 264 1009 regni
292 927 383 990 veste
414 923 569 1009 dignitati
599 927 675 988 sunt
703 928 735 988 et
765 924 845 989 sella
871 945 909 988 ac
937 923 1097 989 sessibulo
1129 923 1190 988 dei.

173 1011 257 1077 Tum
289 1012 335 1078 ibi
367 1012 552 1078 Alexander
585 1015 726 1077 statuam
760 1010 922 1098 quandam
954 1012 1050 1097 nigro
1082 1011 1189 1096 lapide
1209 1023 1256 1076 37.
1302 997 1315 1040 l

135 1111 140 1120 '
173 1102 319 1165 intuetur
346 1123 420 1167 cum
447 1101 506 1166 illa
534 1122 631 1184 super
657 1101 849 1166 Nectanabo
878 1101 1104 1185 inscriptione,
1131 1101 1190 1165 im·

134 1193 358 1273 reparatorem
389 1189 513 1254 scilicet
541 1211 629 1273 eum,
658 1190 714 1273 qui
744 1190 824 1275 fuga
851 1189 993 1254 indidem
1022 1189 1192 1270 abfuisset,

174 1299 287 1342 rursus
319 1277 508 1362 Aegyptum
539 1282 764 1359 reventurum,
797 1301 863 1344 non
896 1280 1073 1364 seniorem,
1105 1279 1192 1343 enim

175 1366 350 1451 iuniorem,
383 1387 519 1451 eumque
549 1367 618 1431 fore
648 1367 712 1432 loci
741 1366 832 1432 illius
861 1367 1007 1434 hostium
1038 1365 1191 1452 subiuga-

175 1458 290 1520 torem.
336 1454 455 1520 Statim
479 1455 580 1540 igitur
603 1455 716 1540 scripti
739 1455 835 1521 istius
864 1477 979 1522 causas
1002 1455 1191 1540 diligentius

176 1544 304 1628 quaerit
326 1543 489 1628 refertque
512 1565 719 1629 responsum,
741 1543 827 1610 hunc
849 1545 942 1610 illum
965 1542 1191 1609 Nectanabum

136 1653 162 1694 15
175 1632 292 1717 fuisse,
321 1633 377 1718 qui
399 1633 630 1698 infestantibus
654 1632 776 1715 Persis,
804 1654 877 1698 cum
906 1634 1040 1699 deorum
1063 1632 1192 1698 monitu

175 1721 406 1804 praescivisset
423 1721 572 1786 fortunae
596 1741 673 1784 suae
692 1722 831 1803 lapsum,
854 1723 962 1786 locum
986 1743 1119 1787 casuum
1139 1720 1191 1784 dc·
1315 1801 1316 1810 ἵ

176 1809 337 1874 clinasset.
390 1809 475 1872 Tum
506 1829 576 1872 sese
607 1808 838 1891 quaerentibus
869 1810 995 1874 civibus
1027 1809 1192 1874 oraculum
1310 1829 1311 1832 ’

177 1895 303 1980 datum,
330 1895 416 1980 quod
445 1895 505 1960 sub
533 1895 592 1959 illa
622 1897 732 1960 statua
760 1896 931 1980 legeretur.
981 1896 1090 1982 Igitur
1117 1897 1191 1960 Ale-

176 1984 297 2048 xander
315 1983 367 2047 his
383 1983 502 2048 auditis
517 1984 641 2048 involat
660 1983 772 2048 statim
791 1985 826 2048 iu
845 1986 974 2049 statuae
988 1983 1192 2068 complexum

138 2094 165 2135 ec
179 2093 216 2137 ac
239 2075 409 2156 parentem
434 2072 569 2155 salutat,
597 2072 731 2156 eiusque
760 2094 794 2137 se
816 2072 921 2138 filium
943 2072 1128 2158 profitetur,
1156 2075 1194 2136 ut

179 2164 412 2247 congrueretur
435 2160 474 2226 dc
497 2161 707 2245 responsione
731 2182 803 2226 cum
822 2182 880 2245 epe
899 2161 1119 2226 Alexandrum
1139 2161 1192 2224 de-

178 2249 378 2316 mirantium.

268 2335 327 2404 34.
355 2337 480 2403 ‘Unum
503 2342 615 2405 tamen
643 2337 724 2402 mihi
747 2338 786 2402 dc
810 2337 941 2402 civitate
964 2341 1074 2404 vestra
1096 2339 1192 2404 mira·
1212 2356 1260 2410 38.

179 2428 252 2492 culo
277 2425 347 2506 est‚'
372 2428 428 2512 ait,
451 2426 577 2512 ‘ecquid
599 2427 649 2492 vis
673 2426 813 2492 barbara
836 2427 989 2493 adversus
1008 2427 1194 2493 huiusmodi

139 2537 166 2578 ac
181 2537 289 2581 muros
322 2516 466 2600 potuerit
498 2515 662 2599 obtinere,
699 2537 779 2601 quos
817 2537 927 2582 coram
963 2539 1059 2582 cerno
1097 2537 1194 2600 supra
1244 2569 1249 2583 .

178 2604 395 2669 humanarum
419 2627 573 2669 manuum
596 2605 783 2670 violentiam
806 2603 1047 2689 pulchritudine
1069 2605 1194 2688 pariter

270 2813 461 2867 3simulacris
485 2820 512 2868 τ.
542 2813 681 2867 simulatis
705 2814 739 2868 A.
849 2818 867 2866 4
891 2812 1084 2868 sesonchosim
1108 2819 1136 2867 τ.
1164 2829 1194 2867 se

181 2885 256 2938 sorte
281 2884 324 2937 sui
341 2883 378 2938 A.
488 2885 624 2938 caedem
642 2890 669 2936 Τ.
678 2883 712 2939 P.
747 2885 846 2939 eadem
869 2900 938 2940 corr.
961 2886 993 2939 ia
1017 2884 1135 2939 eandem
1156 2883 1193 2938 A.
1304 2901 1317 2933 a

180 2955 296 3026 Aegipti
318 2954 388 3010 Μ.
468 2953 636 3024 tdignitati
660 2961 687 3008 n.
716 2953 849 3024 dignatae
872 2956 909 3009 A.
941 2955 973 3010 ia
995 2971 1081 3026 scarp.
1105 2956 1193 3011 adscr.

181 3044 199 3080 u
223 3030 383 3081 correctore:
408 3024 453 3080 vel
478 3042 492 3080 e
514 3026 586 3095 yptii
609 3025 688 3094 regni
711 3027 789 3081 veste
816 3025 932 3095 dignum
958 3042 1021 3081 eum
1049 3027 1195 3080 duxerunt.

181 3096 318 3152 sessibulo
338 3103 365 3151 Τ.
396 3095 523 3152 sessib's
542 3097 578 3150 A.
611 3129 618 3140 ·
686 3098 882 3158 8Alexander
902 3114 965 3151 cum
984 3105 1012 3152 n.
1040 3096 1135 3165 lapide
1153 3098 1195 3151 in-

181 3170 276 3222 tuetur
295 3184 345 3222 om.
364 3173 391 3223 Τ.
471 3173 504 3221 10
523 3167 660 3222 abfuisset
678 3169 713 3222 A.
722 3167 755 3222 P.
784 3167 886 3222 fuisset
903 3175 930 3223 Τ.
1005 3174 1037 3223 13
1057 3184 1141 3223 causo
1161 3167 1195 3223 P.

182 3244 215 3292 16
234 3238 391 3293 declinasse
415 3238 449 3294 P.
561 3243 593 3292 18
613 3238 711 3292 datum
734 3238 791 3292 Mr.
821 3239 904 3294 datur
925 3240 961 3294 A.
970 3240 1002 3292 P.
1040 3237 1111 3292 Tum
1136 3255 1195 3292 esse

182 3310 381 3376 quaerentibus
400 3309 452 3365 civ.
473 3325 546 3364 crac.
567 3310 664 3363 datum
686 3308 780 3379 Geyer.
868 3315 901 3364 19
920 3310 949 3363 in
967 3311 1078 3364 addidit
1096 3309 1195 3366 Schlec.

181 3380 216 3445 cf.
232 3397 262 3448 p.
276 3383 341 3447 142,
352 3384 394 3433 14.
490 3386 524 3434 21
544 3383 711 3448 congrueret
729 3380 762 3435 P.
795 3381 828 3434 ut
846 3383 1032 3451 congruerent
1049 3380 1136 3435 verba
1154 3395 1196 3434 re-

182 3449 340 3517 sponsionis
359 3467 421 3504 cum
440 3468 490 3521 spe
509 3451 603 3522 Geyer.

271 3519 320 3574 84.
350 3525 384 3574 23
402 3521 540 3576 miraculo
559 3528 585 3573 A.
615 3522 780 3576 miraculum
800 3523 872 3577 A.P.
965 3527 999 3577 24
1018 3525 1048 3576 et
1066 3521 1141 3590 quod
1158 3521 1196 3576 A.

182 3585 376 3644 huiuscemodi
397 3591 430 3645 P.
503 3597 538 3646 25
556 3594 690 3662 potuerat
706 3593 742 3647 A.
779 3609 874 3648 coram
895 3593 929 3649 P.
958 3609 1051 3648 curam
1070 3593 1106 3647 A.
