2648 3922
485 231 605 287 ORTUS
624 230 847 287 ALEXANDRI.
1127 233 1170 298 55

245 391 303 458 44.
344 392 406 458 Sed
437 395 522 459 enim
551 393 737 459 Alexander
766 395 850 460 hanc
880 395 943 460 sibi
974 395 1170 478 peculiarem
1190 409 1234 459 54.
1307 445 1310 450 .

145 483 297 569 ’gloriam
330 483 500 566 adpetens,
536 485 564 548 si
595 505 653 547 rex
680 483 809 570 fugiens
838 484 1171 568 comprehenderetur,

157 571 335 636 animosius
367 571 534 637 insecutus
567 594 690 637 currus·
713 572 840 656 quidem
868 594 1021 656 armaque
1048 574 1171 658 regalia

157 666 358 746 matremque
390 683 455 726 una
487 665 521 725 et
551 682 684 725 uxorem
720 683 792 726 cum
828 661 1010 746 virginibus
1041 662 1169 727 filiabus

157 750 297 814 emensis
326 749 441 814 stediis
470 751 640 834 sexaginta
669 749 925 835 comprehendit3
957 751 1064 833 ipsum
1093 771 1203 815 veros

156 838 295 903 Darium
316 860 381 903 non
401 839 506 904 minus
525 839 729 902 tenebrosior
752 860 816 904 nox
835 859 933 922 quam
952 861 1064 904 cursus
1084 839 1169 904 velo-

157 928 239 992 citas
253 927 451 992 liberaverat
465 927 583 1012 quippe
600 927 665 991 iam
679 927 820 1010 primum
834 927 869 990 in
882 927 963 992 haec
977 932 1010 991 et
1023 927 1170 992 huiusce-

158 1015 248 1080 modi
279 1015 460 1081 fortunsria
492 1015 659 1099 dispositis
693 1017 784 1099 equis
817 1020 850 1079 et
880 1016 997 1081 itinere
1030 1016 1170 1099 proviso.

156 1103 349 1169 Macedones
373 1126 448 1170 vero
477 1104 574 1187 potiti
597 1105 736 1169 victoria
762 1104 797 1168 in
824 1108 932 1169 castra
954 1103 1085 1169 Persica
1113 1104 1170 1170 mi-

157 1213 291 1277 gravere
310 1214 437 1277 unaque
450 1192 636 1257 Alexander
650 1193 802 1257 tentoriis
821 1193 920 1277 regiis
940 1193 1169 1277 superveniens
1184 1214 1210 1254 11

157 1285 310 1366 expertus
337 1283 384 1347 ibi
406 1283 548 1366 primum
576 1285 714 1347 estune
737 1303 809 1346 cum
833 1282 990 1346 militibus
1014 1282 1169 1346 1111111-

157 1374 256 1435 tunae
279 1370 367 1436 illius
391 1392 430 1436 11
452 1371 608 1436 victoriae
632 1370 892 1436 emolumentum.
938 1369 1050 1455 Neque
1074 1391 1169 1456 mage
1189 1379 1232 1432 55.

156 1460 285 1544 uspiam
304 1459 500 1524 continentis
519 1459 620 1524 enimi
639 1459 847 1523 moderamen
862 1459 1045 1523 Alexander
1063 1461 1171 1543 potuit

157 1551 330 1632 ostentare,
353 1570 450 1632 quam
470 1549 556 1632 quod
575 1549 609 1612 in
627 1548 690 1612 hoc
708 1547 857 1612 fortunae
875 1547 987 1612 favore
1006 1570 1045 1612 ex
1065 1568 1168 1630 aequo

157 1659 233 1702 suae
257 1641 353 1721 atque
377 1637 531 1702 adversae
553 1636 656 1721 pertis
685 1636 759 1699 iniit
781 1636 956 1719 rationem,
984 1657 1050 1701 non
1078 1657 1168 1700 secus
1183 1656 1209 1697 11

157 1726 278 1790 11111111
307 1725 453 1810 probatis
482 1725 628 1791 hostiurn
655 1725 859 1807 rarioribus,
890 1724 944 1809 qui
973 1745 1033 1808 pro
1061 1724 1169 1808 pat-ria

156 1813 285 1878 fortiter
315 1816 532 1900 appetissent,
566 1836 661 1898 quam
695 1815 722 1877 si
756 1813 826 1897 quis
857 1835 988 1878 suorum
1019 1815 1169 1878 strenuus

157 1904 343 1969 exstitisset.
381 1902 522 1969 Cunctos
542 1902 653 1989 igitur,
677 1923 757 1986 quos
781 1903 815 1966 in
834 1901 920 1966 bello
938 1901 1170 1967 nobilitaverat

155 1992 292 2057 militiae
322 1994 578 2077 experimentum
612 1995 645 2056 11
671 2013 759 2056 mors
790 1991 929 2074 inclytos
958 1991 1093 2073 fecerat,
1121 1991 1169 2056 in·

156 2081 240 2164 quiri
276 2085 458 2166 prostratos
496 2085 529 2146 11
566 2080 737 2165 magnifice
774 2079 905 2162 sepeliri
942 2083 975 2144 ct
1011 2079 1168 2163 sepulcris
1184 2099 1209 2138 1ο

155 2169 310 2234 honorari
332 2170 430 2235 iubet.
476 2169 616 2234 Matrem
640 2190 737 2254 porro
762 2167 854 2232 Darii
881 2190 945 2232 una
973 2189 1045 2232 cum
1069 2189 1169 2231 uxore

155 2257 348 2342 filiabusque
371 2257 461 2323 cultu
484 2258 574 2343 regio
596 2257 862 2343 prosequebatur,
886 2277 923 2320 ac
947 2256 975 2320 si
998 2256 1052 2338 qui
1076 2276 1168 2339 prae-

156 2346 302 2414 tcreein
325 2350 522 2430 potestatem
545 2346 690 2411 hostium
715 2344 927 2426 devenissent,
950 2343 1080 2408 fortuna
1104 2343 1168 2428 pri-

156 2435 242 2500 stina
261 2435 477 2502 donabantur.
504 2435 679 2500 Enimvero
700 2433 850 2498 cecidisse
865 2437 943 2496 tunc
958 2431 1169 2497 Macedonum

91 2574 96 2584 .
157 2523 238 2587 satis
265 2528 394 2589 constat
420 2523 567 2608 peditum
597 2522 725 2607 quidem
755 2521 994 2604 septingentos,
1023 2520 1168 2603 equitum
1183 2539 1209 2581 11

245 2749 294 2806 44.
327 2753 498 2821 suppetens
518 2766 586 2806 corr.
605 2765 639 2805 erc
656 2751 755 2818 petens
766 2749 800 2802 A.
830 2748 928 2817 petens
938 2748 972 2801 P.
1019 2753 1122 2802 91111
1132 2747 1167 2804 A.

156 2820 244 2890 igitur
256 2822 290 2876 P.
365 2827 393 2877 21
418 2822 485 2876 Post
503 2820 636 2876 honorari
653 2820 732 2874 iubet
750 2820 792 2875 ita
806 2821 899 2889 perpet
917 2819 963 2874 P.:
983 2821 1012 2873 11
1030 2834 1168 2888 quemque

155 2893 334 2947 vulneratum
354 2893 453 2947 curari.
491 2892 620 2961 quamvis
643 2891 705 2961 ipse
728 2890 802 2945 foret
824 2889 905 2960 gravi
923 2889 1037 2945 femoris
1057 2889 1168 2944 saucius

155 2964 277 3020 vulnere.
324 2962 431 3018 Audito
459 2965 555 3018 temen
585 2963 732 3032 captarum
760 2961 909 3016 mulierum
937 2961 1016 3016 Darii
1048 2960 1168 3027 ululatu,

156 3034 259 3104 quibus
273 3035 336 3090 visa
353 3051 433 3089 arma
452 3033 530 3088 Darii
549 3037 579 3088 et
597 3051 693 3089 currus
708 3033 870 3102 opinionem
889 3031 965 3086 eaesi
983 3028 1169 3099 1131111111-

155 3105 237 3175 bunt,
262 3107 374 3162 1111111
394 3104 431 3160 ad
449 3122 497 3159 eas
515 3104 604 3160 111111
623 3108 652 3160 11
670 3103 823 3158 honorifice
842 3103 944 3156 vidisse
963 3102 1096 3170 regisque
1120 3099 1168 3154 ob·

155 3177 261 3232 servari
279 3177 401 3232 iussisse.
439 3176 492 3230 Ubi
512 3175 626 3230 additur
643 3175 807 3229 testimonio
822 3172 967 3228 Eleatione
980 3188 1036 3225 una
1051 3188 1114 3224 cum
1128 3171 1168 3225 vi-

155 3247 264 3302 dissent
284 3246 463 3303 indiscretius
488 3246 594 3302 cultum
618 3247 653 3300 de
676 3247 743 3299 actu
767 3242 890 3312 corporis
914 3242 1014 3297 melius
1038 3241 1168 3310 opinatae

156 3317 248 3386 ipsum
262 3337 314 3389 pro
328 3319 489 3373 Alexandro
503 3318 648 3373 salutasse.
682 3314 738 3370 Sed
756 3316 831 3368 hunc
850 3329 971 3368 errorem
986 3313 1076 3367 matre
1091 3311 1170 3366 Darii

156 3389 338 3445 erubescente
348 3389 452 3444 dixisse
461 3405 558 3458 regem
568 3387 638 3442 nihil
649 3403 711 3442 eam
722 3384 823 3441 erroris
836 3383 895 3438 eius
905 3384 1048 3453 poenitere
1058 3382 1169 3439 debere.

245 3464 379 3530 mutoque
412 3456 918 3526 111111111Δ111111111111111111111111.
954 3455 1074 3510 Matrem
1087 3471 1169 3524 porro

156 3529 235 3585 Darii
252 3549 310 3587 uua
328 3549 414 3587 uxore
432 3537 479 3587 etc.
517 3535 637 3600 111111.
656 3528 807 3583 veroAP.
863 3533 898 3582 24
917 3526 1094 3581 donabantur
1103 3532 1130 3578 Τ.
1138 3525 1169 3580 P.

156 3601 345 3672 dignabuntur
363 3603 398 3658 A.
