2648 3922
502 215 619 272 ORTUS
637 214 858 272 ALEXANDRI.
1145 221 1187 284 51

172 378 263 462 11111,
287 399 348 462 ego
372 383 483 444 tamen
503 379 585 443 mihi
608 382 645 444 ut
668 379 836 462 auspicato
856 383 974 445 cuncta
998 403 1036 446 ex
1059 385 1093 446 te
1117 403 1189 448 con-

173 487 264 532 cessa
299 489 336 532 ac
369 489 489 552 sponsa
523 467 710 551 profitebor.
764 467 885 552 Accepi
920 470 1007 534 enim
1042 469 1188 536 habenae

172 557 294 621 scilicet
319 559 533 640 potestatem,
560 561 598 621 ut
619 556 773 640 habeam,
802 579 866 641 qua
893 557 928 622 in
952 559 1115 624 subiectos
1139 561 1189 624 uti

172 645 327 710 scientius
353 645 491 729 possim;
521 645 607 728 pilae
631 667 708 711 vero
734 646 942 730 simulamen,
970 647 1125 732 quoniam
1149 670 1187 712 ex

172 733 297 798 ambitu
321 735 428 798 suiet
450 733 616 798 retundite
617 734 762 799 teotbis
785 735 895 821 imago
921 735 1029 800 videat
1015 739 1077 822 1,111
1100 737 1220 807 hande

171 823 269 887 dubie
296 823 378 887 mihi
405 823 610 887 universitat'
600 845 628 888 11
657 823 760 906 ipsius
788 845 847 907 per
877 825 948 888 te'
938 825 1111 907 1mperium
1141 847 1188 890 re·

171 911 344 994 promittit.
387 910 555 995 Quodque
566 911 657 976 hict
643 913 851 977 tertiumt
801 916 860 996 est,
882 912 1006 978 loculos
1031 934 1091 1000 ego
1116 915 1187 980 auri

172 1021 209 1064 ae
240 1000 268 1064 si
299 1022 397 1084 opum
431 1004 560 1064 tuarum
592 1000 659 1066 fact
645 1003 715 1065 tam
744 1000 824 1065 mihi
858 1001 968 1086 accepi
1000 1003 1188 1087 cessionem,

171 1088 296 1153 subiect
283 1093 433 1241 tumquet
440 1092 472 1152 te
492 1089 616 1153 viribus
640 1090 721 1153 meis
743 1111 888 1154 annuum
906 1091 950 1155 ist
936 1089 993 1154 tud
1017 1091 1097 1154 mihi
1116 1091 1186 1156 fore

170 1177 311 1261 pretium
335 1179 455 1242 servitu
457 1178 500 1242 tis
525 1177 760 1261 depensuram?

251 1262 310 1332 41.
325 1264 459 1330 His
397 1269 459 1351 igr
459 1270 546 1330 ur
507 1267 562 1331 11
548 1267 626 1331 teris
636 1267 747 1351 palam
757 1267 895 1332 lectrsa
880 1270 959 1352 tque
970 1267 1078 1352 signat
1080 1268 1108 1332 11
1127 1211 1253 1330 XXXIX.

170 1353 343 1418 rediret
293 1359 343 1419 1nt
344 1359 461 1420 emunt
462 1355 510 1420 ios
529 1356 629 1420 iubet.
663 1353 739 1439 Ipse
758 1359 868 1420 tamen
888 1356 977 1420 omni
995 1378 1071 1421 mox
1089 1353 1186 1440 Syria
1204 1360 1249 1410 48.

171 1447 324 1527 superata
354 1465 392 1508 ac
418 1442 558 1508 redactis
583 1444 651 1508 eius
675 1444 865 1528 gentibus
856 1466 891 1508 m
918 1447 1115 1528 potestatem
1145 1446 1186 1510 ad

170 1532 284 1596 Asiam
304 1533 351 1597 ire
371 1533 545 1597 contendit.
586 1531 761 1597 Enimvero
782 1533 921 1615 acceptis
941 1532 1117 1599 Alexandri
1135 1533 1186 1598 lit-

170 1621 249 1685 teris
274 1641 329 1685 rex
353 1619 472 1686 Darius
496 1622 606 1705 eisque
630 1622 761 1706 gravius
786 1625 819 1686 et
841 1620 1053 1708 adrogantius
1077 1626 1185 1687 motus
1201 1644 1226 1685 15

171 1709 211 1774 ad
240 1713 389 1794 satrapas
418 1732 493 1775 suos
521 1711 609 1775 ultra
632 1710 775 1775 Taurum
803 1713 953 1794 regentes
982 1711 1083 1774 talem
1112 1731 1186 1775 con-

84 1823 86 1828 ·
169 1799 340 1864 tinentiam
375 1799 504 1864 scribit:
535 1798 732 1864 Nuntiatum
768 1799 831 1864 sibi
859 1798 1083 1865 Alexandrum
1109 1797 1185 1866 Phi·

169 1887 268 1971 lippi,
309 1889 522 1953 insanientem
564 1888 738 1953 admodum
775 1887 1029 1972 adolescentem,
1070 1885 1184 1953 Asiam

168 1975 396 2041 incursantem.
442 1975 548 2062 Igitur
576 1999 645 2042 sese
676 1980 825 2062 oportere
852 1999 924 2041 eum
952 1976 1101 2062 protinus
1130 1978 1185 2042 ob-

169 2065 297 2130 viantes
321 2065 538 2149 eompeditum
566 2066 607 2130 ad
631 2087 701 2131 sese
726 2065 879 2151 dirigere:
907 2086 977 2130 esse
1006 2066 1092 2131 1111111
1114 2065 1184 2150 regi
1198 2091 1224 2128 ao

169 2154 354 2238 consilium,
378 2155 427 2218 uti
451 2154 595 2219 adfectus
619 2155 807 2220 verberibus
830 2154 1010 2237 puerilibus
1035 2155 1184 2219 amictus-

169 2264 230 2327 que
248 2247 325 2326 post
338 2246 429 2309 veste
444 2264 606 2328 purpurea
626 2265 699 2308 cum
717 2244 794 2308 talis
814 2246 846 2308 et
865 2242 1070 2327 crepitaculis
1087 2244 1184 2306 matri

143 2395 149 2406 ,
169 2331 336 2396 reddatur:
361 2332 407 2396 sio
430 2332 515 2398 enim
540 2330 753 2397 Macedonum
776 2352 893 2414 pueros
917 2330 1062 2396 lusitare.
1098 2330 1182 2396 Tum

168 2419 238 2485 fore
257 2423 303 2505 ut,
322 2442 394 2485 cum
413 2421 463 2485 illi
477 2420 660 2505 praefectus
680 2421 721 2485 ad
736 2420 978 2485 observantiam
992 2420 1182 2502 disciplinae

169 2508 269 2573 Persa
296 2509 414 2592 aliquis
442 2509 666 2594 comitaretur,
695 2508 787 2573 virile
815 2508 958 2572 officium
985 2508 1105 2572 rectius
1135 2507 1223 2573 111-11

170 2601 283 2662 sceret.
324 2597 429 2683 Igitur
453 2601 601 2682 oportere
625 2600 774 2681 satrapas
799 2596 928 2682 quidem
952 2596 1090 2660 classem
1114 2596 1182 2660 eius

169 2708 325 2751 unacum
343 2687 461 2752 navitis
482 2687 549 2752 alto
569 2686 786 2770 submergere,
809 2685 931 2750 milites
950 2706 1027 2750 vero
1047 2689 1183 2750 cunctos

168 2773 255 2840 ferro
278 2776 367 2840 vinct
352 2779 404 2842 tos
433 2776 473 2841 ad
496 2775 602 2840 Rubri
629 2776 728 2840 maris
757 2775 913 2840 ulteriora
940 2774 1135 2876 transduci,
1145 2776 1184 2838 ut

166 2863 236 2928 illic
264 2864 369 2929 colere
397 2864 603 2948 iuberentur3
632 2886 731 2949 equos
759 2868 928 2948 ceteraque
956 2864 1042 2929 milit
1028 2868 1099 2929 tum
1126 2863 1183 2926 im-

168 2951 355 3035 pedimenta
378 2953 473 3018 sibi
463 2975 553 3037 rpsos
581 2953 702 3019 habere
725 2954 835 3038 privos
859 2952 1035 3036 amicisque
1060 2951 1183 3035 largiri.
1197 2978 1224 3018 ao

169 3037 232 3104 Sed
259 3041 348 3105 hisce
377 3041 496 3106 11111111
523 3040 660 3106 nihilum
692 3043 733 3106 ad
763 3046 887 3106 metum
918 3045 1070 3124 satrapae
1100 3039 1245 3108 11111119.

258 3231 531 3290 drotunditatisA.
575 3229 1181 3302 1111111111).11111111111).

168 3301 313 3358 servitutis
331 3303 434 3360 Eberb.
467 3303 597 3359 servituti
614 3304 651 3359 A.
660 3304 692 3359 P.

257 3373 306 3430 41.
340 3381 373 3429 19
393 3390 452 3430 1111
467 3376 500 3431 P.
529 3392 557 3429 11
572 3376 607 3431 A.
661 3381 696 3429 20
714 3371 908 3455 compeditum
922 3371 1078 3442 Landgraf.
1107 3387 1182 3426 com-

166 3445 280 3530 pertum
302 3446 338 3501 A.
346 3447 380 3501 P
414 3448 574 3515 correptum
597 3445 699 3502 Eberle.
791 3444 911 3500 catalis
938 3442 973 3496 P.
1005 3443 1121 3498 tabellis
1144 3444 1182 3498 A.

167 3510 476 3584 arrpuydloocGraec.
539 3513 1182 3573 11111111111111111).1111111111

168 3603 241 3652 quae
260 3587 293 3643 P.
367 3594 399 3642 31
419 3588 463 3641 his
485 3587 519 3642 P.

984 3674 1021 3726 4*
