2648 3922
150 198 193 260 50
579 196 690 252 LIBER
707 195 727 249 I.

240 356 298 423 40.
331 357 413 423 ‘Rex
432 359 615 424 Alexander
633 361 736 443 patris
756 357 906 443 Philippi,
926 361 1039 424 matris
1076 365 1228 423 XXXVIII.

151 447 361 533 Olympiadis,
375 449 445 534 regi
459 467 574 532 regum
588 450 622 511 et
635 448 818 513 consessori
834 447 885 512 dei
899 447 1041 514 Mithrae
1056 449 1165 514 simul·
1184 453 1227 503 46.

151 559 212 622 que
232 558 305 602 cum
325 537 392 601 sole
411 536 538 619 orienti,
561 537 703 602 maximo
722 535 895 601 Persarum
915 537 1045 603 domino
1064 537 1164 604 Dario

152 626 290 692 salutem
314 625 401 690 dicit.
439 625 548 710 Turpe
567 625 647 688 mihi
672 624 844 690 admodum
864 626 965 690 videri
989 627 1072 691 solet
1093 631 1165 692 tan·
1314 631 1315 704 l

118 735 130 776 r
151 720 222 779 tum
241 733 351 798 regem
370 712 507 778 Darium
531 717 564 778 et
586 713 675 778 hisce
694 713 818 778 viribus
838 714 1004 800 confisum,
1023 715 1165 798 deorum,

151 807 188 868 ut
209 803 386 887 praedicat,
410 823 643 881 consessorem,
668 802 728 867 sub
752 803 912 868 dicionem
935 803 1165 887 homullorum,
1314 837 1315 840 ¹

150 895 187 956 ut
205 896 305 976 retur,
324 891 619 974 contemptibilium
638 891 849 956 deventurum
873 896 906 956 et
929 892 1016 956 inter
1035 913 1089 958 eos
1109 894 1165 958 ab·

150 982 234 1046 iecto
255 980 382 1046 cuidam
401 1001 439 1044 ac
458 981 580 1044 latroni
595 978 780 1044 Alexandro
801 981 1006 1045 serviturum.
1039 981 1165 1066 Quippe

150 1070 215 1134 ista
235 1069 479 1154 magnificentia
496 1068 665 1132 nominum
684 1069 740 1133 ubi
759 1069 857 1132 semel
876 1069 1016 1154 cuipiam
1036 1071 1080 1135 sit
1094 1092 1165 1154 per·

111 1180 136 1218 10
152 1179 262 1241 suasa,
290 1179 427 1242 corpora
451 1157 657 1221 membratim
680 1157 733 1222 rel
757 1157 890 1241 spiritus
915 1159 1084 1244 eriguntur
1106 1159 1165 1222 im-

150 1246 351 1330 prudentius.
402 1245 525 1331 Magno
557 1245 660 1310 dolori
686 1246 748 1311 tibi
772 1245 841 1311 fore
869 1247 947 1330 ista,
979 1269 1062 1332 quae
1091 1270 1165 1332 pro-

150 1334 353 1418 nuntiantur,
367 1333 532 1419 intelligo,
548 1355 585 1399 ac
596 1334 625 1398 si
635 1354 775 1418 superna
790 1336 941 1400 caelitum
951 1337 999 1401 ris
1010 1337 1165 1401 abusione

150 1423 338 1489 huiusmodi
365 1423 401 1487 in
428 1423 586 1488 ultionem
614 1423 830 1489 contumeliae
861 1446 938 1490 suae
965 1425 1061 1490 facile
1090 1446 1164 1490 con·

152 1513 266 1596 surgit,
287 1511 434 1597 equidem
453 1533 547 1596 spero
566 1513 676 1595 priora
695 1534 775 1597 esse,
794 1522 876 1598 quae'
896 1514 1047 1598 spondeo,
1067 1534 1165 1598 quam

112 1622 234 1686 requae
257 1604 293 1665 tu
317 1601 461 1666 minaris.
509 1600 614 1676 Quare
638 1601 734 1667 adero
763 1605 800 1666 ut
824 1603 971 1667 mortalis
995 1602 1165 1668 mortalem

151 1689 342 1755 violentiam
378 1693 584 1774 experturus,
618 1689 905 1775 inclinationisque
939 1692 1007 1756 eiub
1042 1691 1091 1757 vis
1128 1713 1165 1756 ec

150 1782 297 1862 potestas
331 1782 381 1843 est
412 1799 511 1862 penes
544 1799 688 1860 superos.
734 1777 820 1843 Nam
852 1779 934 1843 illud
966 1801 1086 1865 quaeso
1118 1783 1165 1845 te:
1183 1790 1228 1843 47.

151 1888 305 1950 quorsum
324 1869 417 1931 tanto
441 1886 538 1949 opere
561 1869 753 1950 congestum
772 1869 823 1929 est
844 1867 965 1931 aurite
985 1871 1018 1932 et
1037 1870 1165 1954 argenti

152 1955 268 2038 opibus
289 1953 459 2018 aestuare?
497 1952 550 2016 An
572 1954 684 2018 uthis
708 1953 858 2037 cognitis,
882 1955 909 2018 si
933 1956 1029 2020 modo
1054 1977 1165 2021 eorum

111 2063 137 2102 ro
152 2063 244 2106 amor
270 2041 368 2107 nobis
394 2045 458 2124 est,
486 2063 542 2124 spe
570 2042 708 2124 praedae
735 2042 932 2107 obstinatius
957 2047 990 2108 et
1013 2044 1166 2110 audacius

152 2130 399 2196 dimicaremus?
431 2134 526 2214 atque
559 2129 636 2195 hinc
670 2131 746 2215 fiat,
777 2134 815 2195 ut
845 2135 997 2215 superato
1027 2136 1061 2197 te
1090 2133 1167 2198 hino

152 2219 283 2303 quidem
305 2218 401 2284 nobis
429 2219 464 2283 in
487 2240 656 2284 commune
681 2223 833 2304 quaestus
856 2224 891 2285 et
913 2222 1166 2287 emolumentum

152 2309 306 2373 victoriae
329 2307 396 2392 liat,
419 2307 501 2376 mibi
519 2330 595 2374 vero
620 2308 718 2394 istud,
742 2330 806 2393 quo
829 2312 900 2374 tute
919 2309 1069 2395 gloriare,
1090 2309 1166 2375 Per-

153 2396 240 2462 sidos
264 2400 398 2463 cunctae
422 2397 575 2482 orbisque
597 2398 700 2463 totius
725 2398 856 2463 accedat
874 2399 1071 2484 imperium?
1110 2399 1167 2466 Sin

112 2505 138 2546 ss
152 2486 214 2550 tibi
241 2487 334 2568 [fors]
360 2485 494 2569 faverit,
521 2486 661 2551 nihilum
688 2487 826 2572 amplius
853 2510 950 2573 quarn
977 2509 1166 2573 oppressum

152 2575 361 2640 latrocinium
385 2575 601 2658 gratulabere.
645 2575 737 2641 Adde
760 2597 846 2642 nunc
868 2577 958 2662 illud,
982 2578 1110 2642 misisse
1133 2580 1165 2640 te

151 2664 233 2728 mihi
263 2664 426 2729 habenam
458 2685 555 2729 unam
585 2664 636 2730 vel
665 2665 766 2748 pilam
796 2664 983 2750 loculosque
1013 2666 1083 2729 auri
1116 2685 1165 2727 re-

151 2751 265 2816 fertos:
291 2752 330 2816 de
350 2753 466 2836 quibus
486 2753 634 2837 quamvis
656 2757 702 2836 tu,
727 2775 809 2837 quae
832 2754 903 2818 visa
921 2753 1050 2836 fuerint,
1074 2752 1165 2830 dicti·

242 2923 290 2980 40.
325 2931 338 2978 1
358 2927 511 2996 matrisque
531 2935 558 2982 n.
595 2933 612 2981 2
633 2927 790 2982 consessori
808 2943 876 2981 corr.
896 2942 930 2980 ec
949 2927 1111 2980 conconsori
1129 2927 1165 2981 A.

152 3001 170 3049 4
188 2997 282 3066 Turpe
302 3027 333 3037 —
355 2997 429 3051 solet
453 3014 504 3053 om.
523 3005 550 3051 n.
641 3002 657 3051 5
677 2997 722 3052 his
745 2996 851 3052 viribus
871 2997 904 3052 P.
943 2996 1112 3066 deorumque
1132 2997 1165 3054 P.

138 3075 169 3122 ,6
189 3083 382 3123 concessorem
396 3070 432 3122 A.
480 3073 543 3124 tet
561 3085 611 3124 om.
626 3068 659 3122 P.
706 3068 846 3139 Squippe
865 3067 889 3122 ei
903 3072 931 3123 P.
978 3069 1062 3122 9'ubi
1080 3069 1167 3123 semel

153 3155 203 3194 om.
223 3146 250 3193 n.
326 3145 359 3193 10
379 3140 520 3195 eriountur
538 3146 566 3194 Τ.
594 3138 708 3209 erigunt
724 3139 799 3194 A.P.
835 3139 1041 3208 imprudentius
1059 3146 1087 3192 r.
1115 3139 1166 3192 im-

152 3211 332 3278 prudentium
352 3211 387 3265 A.
396 3211 429 3268 P.
495 3216 527 3264 11
547 3209 745 3280 pronuntiatur
764 3211 796 3265 P.
859 3217 891 3265 12
910 3211 1040 3280 intelligo
1059 3227 1109 3266 om.
1132 3211 1166 3264 P.

155 3287 187 3335 13
207 3281 352 3350 consurgit
365 3281 434 3338 Η).
463 3284 615 3350 consurgat
629 3281 664 3336 A.
710 3285 743 3334 16
762 3282 805 3336 vis
823 3299 873 3338 om.
888 3282 923 3337 A.
972 3287 1005 3336 18
1024 3280 1166 3350 congestis

154 3352 215 3406 auri
239 3355 268 3406 et
291 3351 402 3422 argenti
426 3351 526 3421 opibus
549 3353 678 3407 aestuare
696 3351 799 3407 Eberlr.
880 3359 913 3407 19
932 3354 989 3406 Aut
1011 3353 1044 3406 nt
1067 3353 1111 3405 his
1129 3351 1166 3406 A.

153 3427 187 3475 23
207 3421 258 3476 fiat
276 3439 345 3479 corr.
366 3439 399 3478 cc
417 3423 471 3477 luit
489 3441 508 3478 c
525 3424 610 3478 molto
628 3424 774 3478 recentiore
791 3440 878 3478 manu
891 3425 927 3478 A.
965 3423 1040 3492 quod
1058 3423 1118 3476 tute
1132 3421 1166 3475 P.

154 3497 189 3544 24
208 3492 324 3547 accedet
337 3493 372 3547 A.
436 3497 471 3546 26
490 3493 547 3548 fors
566 3495 629 3550 add.
645 3493 717 3549 Mat.
782 3499 816 3550 26
834 3493 983 3549 latrocinio
997 3494 1033 3549 A.
1071 3493 1166 3562 gratu-

154 3560 249 3614 labere
270 3563 342 3616 Mai.
376 3564 517 3630 gratulare
536 3562 609 3618 ΑΡ.
683 3571 717 3619 28
737 3565 882 3621 dictitaret
902 3565 934 3618 P.
