2648 3924
160 213 201 278 78
585 208 692 263 mana
710 210 743 263 11.

159 376 231 441 sitis
250 397 337 457 vero,
360 396 401 438 ne
426 373 502 457 quid
525 371 701 437 infaustius
726 369 839 451 dicam,
863 393 989 454 semper
1012 373 1046 437 in
1071 369 1170 435 armis

158 470 192 530 et
213 460 380 547 proeliisf'
422 461 462 526 In
484 462 568 526 hanc
592 458 786 524 sententiam
810 458 1041 526 Demosthenis
1066 457 1169 524 omnis
1189 462 1222 517 V.
1311 469 1312 472 ’

158 551 406 618 Atheniensium
429 572 583 614 numerus
608 549 815 634 congruebat.
857 548 1010 614 Decernit
1033 549 1170 631 denique
1189 537 1237 588 2⁰·

159 662 312 706 coronam
348 656 489 706 auream
510 637 696 703 Alexandro
733 657 802 701 esse
834 638 1027 703 mittendam
1061 635 1170 722 pondo

132 729 396 814 squinquaginta
415 728 661 810 consultumque
684 725 804 790 ordinis
824 727 883 811 sui,
907 748 970 812 quo
990 726 1170 812 gratiarum

159 818 244 883 actio
268 822 448 901 teneretur,
475 838 541 880 una
563 814 695 900 legatis,
719 813 774 899 qui
797 814 1040 880 honoratissimi
1063 814 1171 879 forent

159 907 226 972 eius
249 905 354 988 urbis,
382 905 556 970 dummodo
583 905 623 968 ab
647 902 706 967 illa
734 905 901 969 oratorum
924 904 1171 970 transmissione

158 999 402 1079 temperaretur.
447 991 597 1059 Profecta
625 1013 701 1076 ergo
729 991 851 1075 legatio
881 1015 954 1057 oum
985 992 1071 1075 apud
1100 991 1171 1055 Pla-

158 1087 250 1149 taeas
287 1103 398 1167 regem
427 1080 650 1146 Alexandrum
686 1080 872 1146 offendisset
910 1081 1171 1164 insinuassctque

119 1192 145 1231 ro
159 1171 314 1237 mandata
341 1175 374 1235 et
400 1169 631 1234 Demosthenis
661 1191 724 1234 una
753 1170 938 1235 suasionem
967 1191 1170 1236 eonsensum·

159 1283 220 1344 que
240 1259 517 1342 Amphictyonum
540 1258 773 1343 universorum,
797 1259 837 1323 ad
861 1258 1018 1325 eiusmodi
1038 1279 1169 1341 respon-

79 1344 84 1354 ’
159 1371 230 1414 sum
252 1348 339 1432 regis
364 1341 582 1412 benivolentia
605 1347 755 1430 protinus
778 1348 985 1412 transfertur:

249 1434 307 1503 16.
345 1434 544 1500 ‘Scriberem
567 1435 673 1516 vobis,
701 1435 929 1520 Athenienses,
956 1439 994 1500 ut
1015 1455 1085 1514 rex,
1114 1433 1169 1496 sed
1187 1437 1235 1488 21.

158 1526 199 1589 ab
217 1524 279 1590 hac
298 1547 349 1590 me
370 1524 588 1608 appellatione
607 1524 797 1608 distulerim,
818 1526 968 1590 donicum
989 1522 1077 1588 omni
1097 1522 1168 1585 bar·
1314 1513 1315 1528 ¹

118 1633 143 1674 15
157 1613 251 1678 baria
270 1614 446 1698 subiugata
466 1612 608 1678 adfectus
628 1612 681 1677 hic
699 1635 790 1677 meus
807 1614 933 1679 nomini
953 1613 1076 1677 Graeco
1095 1631 1168 1694 pro·

157 1703 254 1767 ficiat.
306 1701 405 1766 Enim
436 1703 589 1784 quoniam
618 1700 809 1784 iampridem
840 1702 1031 1787 scripseram
1059 1699 1169 1763 decem

158 1793 304 1854 oratores
328 1792 453 1854 vestros
483 1789 523 1851 ad
552 1808 603 1851 me
627 1787 795 1872 destinari,
823 1790 909 1873 quod
937 1812 1047 1855 eorum
1075 1788 1171 1869 culpa

157 1876 423 1960 inobsequentiae
446 1875 675 1959 argueremini,
699 1877 781 1941 scire
805 1899 861 1941 vos
885 1899 944 1961 par
969 1882 1107 1942 estnon
1130 1897 1168 1939 eo

157 1986 210 2028 me
227 1964 316 2028 istud
335 1963 471 2029 consilio
490 1963 613 2047 fecisse,
638 1984 702 2046 quo
722 1966 902 2047 potentiam
921 1987 1027 2030 meam
1050 1965 1085 2028 in
1105 1983 1180 2046 eos,-

118 2073 144 2113 so
159 2055 296 2136 quorum
312 2051 490 2134 disciplima
505 2050 676 2116 institutus
695 2073 807 2134 essem,
827 2053 944 2136 aliquis
962 2053 1170 2136 experiretur.

156 2141 289 2207 Etenim
317 2141 345 2206 si
372 2139 405 2204 id
433 2140 528 2218 facto
545 2161 626 2222 opus
655 2142 755 2224 esset,
784 2141 895 2225 utique
923 2164 988 2206 una
1016 2162 1089 2205 cum
1118 2159 1169 2202 ex-

158 2230 260 2295 ercitu
287 2230 468 2312 martioque
496 2233 618 2294 terrore
648 2229 689 2292 ad
712 2232 820 2295 vestra
848 2230 978 2295 moenia
1005 2232 1170 2294 transcen-

158 2318 285 2384 dissem.
327 2315 389 2382 Sed
409 2318 563 2401 quoniam
585 2317 667 2382 haec
691 2319 866 2384 ostentatio
890 2318 1021 2384 inimica
1043 2319 1095 2384 vel
1113 2317 1169 2380 ho·

159 2407 240 2472 stica
272 2410 336 2489 est,
368 2406 487 2471 idcirco
519 2406 790 2490 prudentissimos
822 2411 968 2473 vestrum
1000 2405 1170 2473 convenire

117 2514 143 2556 as
158 2496 330 2581 conloquio
353 2516 425 2560 meo
449 2495 562 2574 malui,
587 2499 624 2559 ut
647 2516 719 2560 curn
742 2496 794 2560 his
814 2497 992 2561 communis
1011 2494 1172 2561 commodi

158 2586 354 2669 disceptator
387 2583 530 2648 subsicui
562 2587 669 2648 metus
701 2606 758 2649 vos
794 2585 968 2649 formidine
1003 2585 1168 2649 solverem.

156 2673 332 2738 Enimvero
352 2693 419 2754 vos,
443 2673 499 2756 qui
517 2673 715 2737 conscientia
737 2672 973 2757 premeremini,
995 2672 1078 2735 nihil
1101 2691 1168 2734 om·
1188 2675 1239 2726 22·

157 2761 235 2824 nino
264 2765 411 2826 sanctum
439 2781 516 2845 erga
543 2782 616 2824 mea
644 2761 798 2844 obsequia
826 2762 1063 2842 consultantes,
1091 2756 1169 2843 quin

159 2849 258 2914 etiam
287 2849 490 2932 explorantes
518 2848 670 2914 idoneum
694 2853 835 2934 tempus,
864 2871 925 2934 quo
950 2869 1040 2914 meos
1067 2847 1170 2912 Mace-

249 3011 263 3058 1
283 3005 386 3072 nequid
396 3005 431 3060 A.
440 3005 473 3060 P.
492 3004 564 3058 nihil
573 3012 600 3058 Τ.
647 3012 662 3059 2
684 3005 896 3061 Demostanisr.
916 3004 1080 3059 Demosteni
1091 3006 1125 3059 A.
1134 3005 1167 3058 P.

159 3082 175 3130 3
194 3076 313 3144 denique
332 3075 401 3130 M.
428 3075 525 3143 itaque
546 3077 580 3129 P.
636 3083 651 3130 5
671 3092 726 3144 quo
744 3077 822 3132 A.P.
847 3093 957 3145 quoquo
976 3083 1004 3130 ’1.
1059 3081 1076 3130 6
1096 3075 1169 3130 aetio

158 3148 299 3201 teneretur
316 3153 344 3199 τ.
373 3146 484 3201 actione
502 3145 644 3202 videretur
662 3148 697 3202 A.
706 3149 740 3204 P.
782 3150 1023 3217 8temperaretur
1040 3153 1067 3200 Τ.
1096 3149 1168 3200 tem-

157 3218 330 3286 perarantA.
340 3217 373 3271 P.
418 3224 450 3271 10
470 3216 627 3272 suasionem
635 3224 663 3272 1.
683 3217 892 3279 suasioneAP.
936 3224 967 3271 11
988 3217 1168 3287 Amphictyo·

157 3289 302 3343 numMai.
322 3305 354 3343 ac
368 3286 563 3344 factionumA.
583 3306 619 3343 an
633 3288 786 3343 factionum
795 3289 828 3342 P.
867 3295 899 3343 12
915 3285 1167 3342 benivolentiam'l.

156 3359 300 3413 transferri
314 3361 349 3416 A.
373 3359 507 3414 transfert
520 3359 552 3414 P.
577 3359 727 3414 transferet
740 3366 768 3415 Τ,
779 3361 812 3427 (1)
831 3375 900 3415 corr.
916 3359 988 3414 Mas.
1229 3393 1240 3404 -

246 3429 294 3484 16.
315 3434 348 3481 14
366 3447 412 3484 me
425 3431 493 3486 ’1.Α.
518 3430 574 3484 mei
590 3431 624 3484 P.
648 3431 736 3485 donec
750 3431 824 3485 A.P.
877 3435 908 3482 15
928 3427 1044 3484 affectus
1058 3427 1167 3494 1.(?)P.

158 3499 240 3577 (qaod
258 3501 327 3554 coci.
349 3501 414 3554 Mai
432 3503 464 3554 ia
481 3503 522 3556 ed.
542 3503 601 3571 ult.)
619 3501 734 3556 effectus
753 3501 788 3557 A.
839 3505 873 3554 21
893 3499 967 3554 enim
985 3506 1013 3553 τ.
1059 3498 1167 3553 26101-

157 3567 290 3621 mrdrnem
309 3569 345 3623 A.
418 3576 450 3624 27
471 3571 671 3627 conscientiam
689 3573 725 3626 A.
799 3576 834 3627 28
853 3577 911 3629 scm
925 3572 996 3628 Μ’..
1024 3575 1083 3625 ser‘fi
1097 3570 1131 3623 A.
