2648 3924
150 225 192 289 70
457 271 461 283 ,
572 223 682 278 LIBER
699 223 734 278 11.

146 411 205 454 nes
230 387 484 453 Atheniensibus
513 385 611 451 struis
640 386 792 452 territans
819 395 879 451 nos
908 390 941 451 et
968 389 1116 451 avertens
1141 409 1160 451 a

147 477 226 542 belli
249 477 380 560 studiis,
404 477 520 560 quibus
539 475 653 560 inclyti
673 497 800 559 semper
822 474 1159 560 atqueinopinabiles

146 563 289 630 fuimus?
334 564 403 630 Aut
430 585 512 648 quae
538 567 571 628 te
598 567 667 629 tam
690 563 809 629 infesta
836 564 1023 629 caelestium
1046 564 1096 629 vis
1124 565 1160 628 in

98 705 101 714 .
146 654 228 723 haec
251 653 351 718 verba
374 653 538 736 sollicitat,
563 674 636 717 cum
659 657 696 717 tu
719 653 858 717 suaseris
882 655 915 716 et
937 653 1055 717 morito
1079 652 1159 717 olim

120 745 396 827 seonstanterque
419 741 618 826 persuaseris
642 761 733 806 arma
755 762 815 806 nos
839 762 964 806 sumere
988 741 1159 806 adversum

145 831 261 896 Persas
290 835 324 897 et
350 831 384 896 in
412 831 469 896 illa
497 833 547 895 tot
574 829 718 895 hostium
745 829 836 895 milia
858 830 1034 895 instructos
1057 830 1158 895 ferme

146 921 217 986 sola
249 919 351 985 animi
378 919 498 984 virtute
530 918 704 1002 militasse,
734 922 769 984 at
795 940 881 984 nunc
908 922 1033 1002 contra,
1066 919 1159 1003 quasi

145 1009 289 1074 intentos
313 1029 417 1091 meus,
440 1007 487 1072 sic
510 1007 595 1071 idem
614 1007 804 1072 obfirmatas
827 1007 1005 1073 sententias
1028 1009 1157 1073 nostras

144 1096 358 1162 remittendas
391 1117 429 1161 ac
461 1095 651 1161 relaxandas
683 1095 805 1180 putes?
863 1093 1025 1162 Censesns
1056 1095 1158 1180 igitur

105 1185 315 1252 invitandam
338 1184 623 1269 declinandamque
642 1185 738 1251 nobis
756 1185 932 1269 pueritiam
956 1207 1029 1250 cum
1048 1188 1158 1269 tyran·

136 1274 230 1358 nide,
248 1274 311 1339 duo
329 1274 463 1339 nomina
475 1273 762 1358 inconsultissima,
780 1274 867 1339 freta
884 1274 1068 1340 temeritate
1088 1275 1158 1339 sola

147 1366 180 1428 et
212 1363 346 1428 audacia
377 1363 483 1446 patris
516 1363 806 1428 confidentissimi?
858 1361 983 1428 Deinde
1014 1363 1064 1426 illi
1096 1383 1156 1427 nos

145 1450 262 1516 horum
291 1451 357 1517 tela
384 1455 481 1536 atque
509 1452 611 1518 aciem
639 1451 922 1555 perhorrebimus,
948 1450 1002 1534 qui
1029 1450 1155 1515 Xerxae

56 1608 61 1619 ,
144 1539 235 1604 milia
265 1540 492 1626 averterimus,
522 1540 795 1607 Lacedaemonios
824 1539 1013 1622 vicerimus,
1045 1537 1156 1604 Corin·

103 1647 131 1688 15
144 1627 233 1694 thies
257 1630 482 1714 straverimus,
504 1628 684 1714 Megares
674 1653 709 1694 m
731 1630 845 1714 fugam
867 1628 1073 1712 verterimus,
1096 1626 1155 1692 Za·

144 1720 221 1800 cynt
206 1717 295 1783 thios
333 1718 571 1783 exciderimus‘?
625 1716 737 1782 Nosne
774 1737 852 1801 ergo
885 1716 1070 1783 Alexandro
1106 1717 1156 1782 illi

143 1826 238 1888 quem
267 1806 346 1888 dixi,
374 1811 411 1871 ut
438 1804 616 1870 Aeschines
645 1804 771 1887 suadet,
798 1805 973 1871 vitabimus
1001 1803 1154 1871 obviare?

142 1929 144 1936 ·
233 1893 267 1961 6.
291 1893 467 1959 Enimvero
486 1893 533 1958 ait
551 1914 727 1958 memorem
745 1892 837 1959 illum
856 1894 1036 1978 magisterii
1053 1894 1153 1959 vestri
1171 1894 1216 1946 10.

143 1981 459 2066 disciplinarumque,
481 2003 561 2066 quas
586 1981 673 2066 apud
694 1984 772 2047 nost
772 2003 825 2047 ros
844 1981 967 2065 peritos
986 1982 1155 2068 acceperit,

102 2088 130 2130 so
143 2072 177 2134 ot
193 2070 317 2153 pudore
331 2069 524 2134 flectendum
548 2074 581 2135 et
601 2073 750 2135 reverent
751 2069 783 2136 ia
735 2069 1012 2135 tmolliendum
1030 2071 1102 2136 vult
1087 2074 1154 2136 t·us

142 2178 205 2243 que
233 2158 322 2242 ipsos
346 2163 478 2224 nostros
505 2158 664 2245 religione
691 2159 885 2243 praeteritae
913 2159 1154 2226 consuetudinis

141 2245 275 2312 minime
303 2250 561 2330 aspernatorem.
608 2245 635 2312 Ο
662 2269 732 2314 rem
759 2248 990 2313 ridiculamet
975 2249 1155 2332 tpuerilis,

141 2355 193 2400 me
212 2335 284 2400 dius
308 2335 413 2420 fidius,
437 2336 544 2402 abiect
529 2340 644 2420 tueque
667 2336 860 2402 sententiae!
907 2335 1071 2402 Absentes
1094 2358 1154 2402 nos
1199 2414 1206 2420 .

142 2424 349 2490 contumeliis
378 2424 589 2490 lacessivito
591 2424 674 2490 tad
703 2425 898 2510 supplicium
923 2425 996 2490 dedi
1019 2425 1153 2508 sibity·
1173 2453 1180 2462 ·

101 2529 128 2574 as
140 2513 276 2578 rannico
301 2513 420 2598 spiritu
438 2514 584 2597 postulat
607 2516 640 2578 et
662 2514 831 2579 interitum
848 2518 998 2580 nostrum
1018 2447 1155 2579 molitdr

141 2600 347 2685 civitatisque
370 2602 532 2686 praeludit
555 2601 723 2667 exitium'
712 2625 757 2687 1s,
779 2624 800 2667 a
823 2625 886 2688 quo
909 2597 1073 2686 praesenti
1096 2622 1152 2666 no·

140 2689 192 2753 bis
211 2689 512 2756 humanitatemt
467 2713 496 2755 ιι
498 2695 566 2755 tam
590 2694 624 2755 et
642 2691 819 2756 amicitiam
837 2690 1053 2756 hariolamini.
1090 2687 1153 2753 Ne·

141 2797 217 2930 quet
232 2777 312 2842 illud
335 2799 431 2865 mage
459 2799 545 2843 nunc
573 2782 648 2844 ante
677 2779 788 2845 oculos
816 2779 916 2857 venit,
944 2775 1153 2880 Stesagoram

139 2867 217 2930 nost
217 2887 290 2930 rum
313 2863 389 2930 Plat
374 2867 555 2932 taeensium
579 2868 776 2952 magistratu
799 2866 903 2932 deieet
903 2827 1014 2930 dm?
1003 2887 1038 2930 m
1061 2865 1152 2931 cuius

143 3040 145 3047 ⁴
230 3018 342 3076 rAtA.
361 3021 445 3077 AoP.
483 3022 604 3078 8intent
606 3038 636 3077 os
650 3023 843 3079 coeremoniae
856 3022 1024 3078 intentusA.
1042 3024 1153 3078 nostras

140 3091 323 3146 remittendas
342 3108 392 3149 om.
411 3092 445 3147 P
520 3098 551 3147 11
571 3094 760 3148 temeritatem
779 3091 888 3148 suificat
906 3095 934 3148 et
953 3093 1098 3149 audatiam
1118 3095 1153 3148 P.

142 3166 175 3216 12
193 3161 261 3216 illos
281 3163 315 3218 P.
372 3168 405 3218 15
424 3164 552 3245 Magarsa
570 3163 649 3234 Epic.
677 3163 856 3234 Megarenses
872 3165 946 3220 Mai.
973 3181 1102 3234 mageros
1116 3164 1153 3219 A.

139 3247 205 3302 meg
206 3233 262 3287 aris
282 3232 316 3287 P.
360 3234 526 3290 verterimus
545 3234 581 3289 A
610 3235 792 3290 averterimus
813 3235 848 3290 P.
923 3241 956 3291 1v
974 3236 1097 3290 vitamus
1118 3235 1152 3290 P.

230 3303 258 3359 6.
291 3308 326 3358 20
344 3307 377 3360 ut
394 3303 552 3360 reverentia
570 3305 602 3359 P.
688 3309 722 3359 25
739 3304 856 3360 molitur
873 3307 981 3388 scripsi.
1008 3305 1153 3360 interitum

139 3373 267 3427 nostrum
288 3373 408 3430 moliens
432 3375 556 3431 civitatis
579 3374 721 3457 praeludit
744 3374 829 3432 exitio
853 3376 909 3431 Μι.
950 3376 1005 3432 iter
1027 3376 1154 3430 nostrum

141 3441 218 3520 olym
244 3442 423 3523 civitatisque
439 3445 591 3569 dpraeludit
617 3445 733 3500 exitium
756 3446 791 3499 A.
835 3445 909 3500 inter
933 3449 1059 3503 nostrum
1085 3446 1154 3502 olim
1208 3478 1215 3484 -

141 3508 321 3593 civitatisque
340 3516 438 3584 praela
461 3516 482 3571 t
502 3517 664 3572 exitiumP
701 3521 736 3570 26
755 3517 943 3603 praesentiA.
971 3516 1152 3588 praeferriP.

141 3585 175 3632 2⁸1
194 3581 334 3637 amicitias
355 3585 389 3641 P.
