2646 3934
181 242 245 308 198
300 239 476 297 EPISTOLA
494 239 708 296 ALEXANDRI
726 239 776 294 ΔΙ)
795 238 1063 296 ARISTOTELEM.

180 404 282 471 affuit.
333 404 384 469 Ad
415 425 505 488 spem
536 402 671 469 subinde
699 401 908 488 contingendi
938 401 1003 467 cibi
1034 423 1107 467 cum
1138 424 1195 485 ap-

179 496 345 578 parerent,
372 493 472 559 vsluti
500 491 656 559 formicae
684 491 744 556 sub
771 491 893 555 flumen
921 489 1104 557 efferbuere.
1125 544 1127 548 .
1150 491 1196 558 Et

178 604 219 647 ne
243 604 307 667 qua
329 586 427 647 noctu
449 603 523 647 cum
542 603 699 665 aquarum
718 579 877 664 prodigiis
896 579 982 644 bella
1000 599 1196 667 gereremus,

179 671 260 736 iussi
279 670 436 736 tubicinio
461 671 501 734 ad
524 669 587 734 iter
610 668 732 734 milites
757 669 873 753 aptari.
915 667 1001 744 Quid
1024 670 1111 733 enim
1128 693 1195 735 ma·
1309 721 1310 724 .

153 779 257 825 suere
280 760 314 823 in
337 759 398 824 tali
422 758 608 824 sitientibus
631 758 726 823 nobis
749 757 903 842 proderat
925 754 1022 822 loco?

268 845 375 933 Igitur
403 849 444 912 ab
471 847 554 914 hora
580 847 644 911 diei
668 846 792 912 decima
820 867 892 911 cum
922 844 962 910 ad
991 844 1194 912 undecimam

180 938 295 1003 horam
320 937 383 1002 iter
406 937 609 1021 fecissemus,
635 935 775 1000 vidimus
797 934 947 1000 homines
970 955 1029 1018 per
1052 936 1193 1000 medium

181 1047 310 1091 amnem
339 1026 436 1091 factis
466 1025 677 1091 arundinibus
708 1024 781 1089 istis
812 1022 960 1089 rotundis
990 1024 1196 1107 praetervehi

180 1116 349 1180 naviculis.
395 1113 483 1190 Quos
511 1136 583 1179 cum
612 1113 738 1178 dulcem
768 1135 886 1196 aquam
910 1116 1196 1195 percunctarcmur

140 1224 166 1262 ιο
182 1226 240 1268 sua
269 1205 382 1287 lingua
413 1203 470 1268 ubi
499 1203 639 1267 inveniri
668 1206 796 1287 posset,
829 1201 979 1266 dixerunt
1011 1222 1045 1265 se
1078 1202 1195 1288 ingens

180 1292 276 1357 nobis
300 1292 507 1357 dulcissimae
531 1312 633 1375 aquae
658 1295 810 1376 stagnum
838 1290 1041 1373 inventuros,
1070 1312 1133 1374 quc
1162 1297 1195 1355 ct

180 1381 245 1463 ipsi
268 1403 328 1445 nos
347 1380 584 1466 quinquaginta
606 1380 761 1444 itinerum
781 1378 876 1444 duces
901 1381 994 1442 erant
1016 1376 1194 1446 deducturi.

180 1469 226 1534 Et
256 1470 410 1554 quonium
442 1469 528 1534 facta
563 1473 639 1534 sunt
670 1469 765 1532 nobis
796 1469 848 1533 tot
880 1467 1038 1532 instantia
1068 1469 1195 1552 perpeti
1309 1541 1310 1550 χ

181 1559 276 1642 mala,
300 1562 394 1624 nocte
417 1561 490 1624 tota
513 1559 750 1623 ambulavimus
774 1557 830 1620 siti
854 1559 887 1620 et
911 1577 1074 1620 armorum
1098 1578 1195 1622 encre

141 1665 167 1706 15
183 1647 333 1714 conflicti.
369 1647 491 1724 Quibus
510 1647 762 1712 necessitatibus
785 1645 843 1710 illa
866 1666 992 1729 quoque
1016 1645 1195 1710 adicieban-

181 1743 235 1801 tur
248 1737 463 1820 incommoda,
482 1737 567 1820 quod
585 1739 657 1801 tota
675 1737 769 1799 nocte
787 1733 1029 1798 incursantibus
1045 1734 1194 1800 leonibus
1309 1769 1310 1802 1

181 1827 328 1909 ursisque
352 1830 385 1889 ct
407 1824 598 1908 tigridibus,
625 1823 735 1908 pardis
765 1845 801 1887 ac
824 1822 976 1906 lyncibus
999 1823 1122 1907 pariter
1148 1845 1196 1888 re-

183 1913 392 1996 sistebamus,
421 1935 502 1997 quae
527 1933 646 1997 genera
667 1911 812 1977 ferarum
833 1912 1018 1995 promiscua
1042 1911 1137 1976 nobis
1161 1913 1195 1978 in

182 2001 272 2066 silvis
301 2002 520 2066 occurrebant.
566 2000 710 2066 Tandem
739 2000 779 2065 ad
807 1999 922 2064 horam
951 1999 1078 2065 circiter
1106 2004 1195 2065 octa-

142 2110 168 2150 no
182 2113 256 2155 vum
280 2094 412 2173 postera
435 2090 500 2173 dic,
528 2112 600 2154 cnm
623 2090 689 2153 iam
713 2087 780 2154 fere
804 2089 859 2153 siti
883 2088 1126 2172 defecissemus,
1155 2090 1195 2154 ad

182 2179 384 2264 praedictum
407 2179 501 2244 nobis
521 2182 676 2264 stagnum
695 2178 910 2262 pervenimus,
934 2178 1019 2264 quod
1042 2182 1113 2243 erat
1136 2179 1195 2243 cir-

182 2269 369 2333 cumdatum
393 2268 614 2333 vetustissima
638 2266 881 2351 abundantiquc
905 2266 988 2332 silva
1012 2267 1102 2330 mille
1124 2270 1196 2332 tau·

181 2362 254 2422 tum
283 2380 400 2441 passus
429 2360 556 2442 patens.
605 2355 696 2421 Tunc
726 2376 786 2441 ego
816 2357 931 2438 potata
961 2377 1046 2439 aqua
1076 2355 1196 2440 gaudio

183 2447 289 2512 alacer
320 2467 438 2530 pecora
470 2448 503 2510 et
534 2446 766 2529 impedimenta
798 2466 871 2509 cum
910 2444 1052 2508 exercitu
1089 2444 1196 2509 refeci.

141 2559 168 2600 cs
182 2534 258 2602 Mox
283 2557 356 2600 cum
384 2535 472 2599 lassa
492 2534 716 2618 'quadrupedia
744 2532 885 2598 militum
907 2531 1093 2598 refecissem
1119 2533 1196 2617 otio,

272 2699 286 2746 1
307 2691 437 2762 subinde]
461 2690 527 2744 inde
551 2691 589 2744 H.
623 2688 818 2760 contingendi]
842 2688 1036 2758 contingentes
1060 2709 1091 2744 ω.
1126 2705 1196 2746 corr.

181 2760 422 2830 in'contingcntis
437 2762 469 2816 G.
504 2760 765 2816 cum-efferbuere
783 2777 834 2815 can.
854 2761 884 2814 P.
914 2760 992 2826 Quae
1007 2777 1069 2813 cum
1087 2759 1115 2816 0.
1148 2760 1198 2814 ubi

182 2850 246 2887 enm
253 2833 292 2887 H.
325 2839 341 2886 2
356 2832 490 2886 formicae
500 2833 551 2886 sub
561 2833 675 2900 scripsi;
693 2831 855 2886 formicibus
863 2851 893 2885 ω.
901 2830 932 2883 V.
940 2831 969 2885 0.
978 2833 1010 2885 P.
1030 2831 1196 2887 formiccH.

181 2905 286 2958 flumen
305 2923 333 2957 ω.
342 2904 373 2957 V.
399 2897 560 2957 influmine
581 2901 651 2961 dP.
676 2918 726 2958 cm.
742 2903 780 2956 H.
809 2899 885 2971 cepit
904 2901 1038 2957 effervere
1057 2902 1090 2957 V.
1127 2909 1197 2957 Bne
1308 2947 1309 2950 .

182 2975 286 3044 quaH.
306 2991 484 3043 nequaquam
495 2994 523 3029 ω,
544 2989 713 3042 quamquam
726 2972 755 3029 0.
764 2974 797 3026 P.
817 2990 880 3027 cnm
899 2989 948 3028 cra.
959 2972 997 3027 H.
1035 2972 1197 3028 4tubicinc

181 3047 224 3102 cel
236 3045 353 3101 tibicine
368 3045 434 3100 call.
444 3046 475 3098 P.
505 3043 766 3112 signobncinaeH.
805 3043 920 3098 suebis
935 3059 985 3098 cm.
1001 3043 1039 3098 H.
1077 3050 1197 3112 busque
1298 3054 1301 3058 '

182 3119 218 3171 ad
233 3117 488 3172 undecimamcum
503 3117 541 3171 H.
579 3113 846 3170 8exarundineH.
885 3114 1149 3184 edulccmaquam
1161 3115 1196 3171 G.

182 3189 263 3242 dulce
274 3205 347 3256 aqua
357 3189 389 3241 L.
409 3187 505 3242 dulces
515 3201 602 3256 aquas
613 3188 657 3240 M.
664 3187 701 3240 H.
722 3185 812 3240 dulcis
822 3203 896 3254 aqua
907 3186 935 3240 0.
956 3185 1046 3240 dulcis
1060 3203 1150 3255 aquae
1160 3186 1196 3241 B.

183 3259 272 3312 dulcis
291 3275 381 3341 aquae
400 3274 485 3312 causa
504 3258 536 3313 V.
628 3262 661 3312 10
680 3258 779 3340 ingens
797 3274 848 3312 nos
867 3258 996 3338 stagnum
1017 3255 1197 3338 dulcissimae

182 3327 1199 3468 succisus'stuscclccsubcruentus:

182 3466 320 3522 bundanti
339 3470 411 3525 silva
463 3513 468 3524 .
546 3477 580 3524 22
599 3470 722 3541 tantum]
742 3472 838 3525 tamen
856 3470 894 3523 H.
971 3475 1004 3524 23
1025 3471 1104 3524 Tunc
1125 3470 1154 3524 0.
1163 3470 1196 3526 P.

182 3533 253 3587 Tum
274 3539 304 3590 V.
333 3539 402 3593 Cum
417 3560 447 3593 ω.
477 3541 545 3595 Cum
565 3556 633 3609 ergo
652 3556 705 3607 ego
720 3541 757 3595 H.
788 3540 865 3595 dulci
883 3558 958 3609 aqna
972 3540 1011 3596 H.
1050 3546 1085 3596 24
1104 3541 1198 3597 refeci.

184 3603 249 3656 Mox
269 3608 346 3677 cum]
366 3608 470 3677 pariter
489 3614 518 3663 ct
537 3612 576 3666 H.
650 3616 683 3665 26
703 3610 775 3682 ctio]
794 3610 890 3665 metiri
910 3612 947 3667 H.
