2648 3924
448 211 578 267 OBITUS
597 211 817 267 ALEXANDRI.
1076 213 1138 278 141

126 375 238 438 daules
271 373 334 459 ait,
367 373 521 457 ‘eumque
557 375 621 439 tibi
653 377 805 440 onustum
841 372 936 440 donis
972 376 1139 462 regalibus

126 460 281 528 reddam?
327 461 475 526 Insinuat
497 483 576 549 ergo
598 463 761 547 traditque
784 462 964 529 Candaules
987 463 1063 529 Ale·
1118 469 1192 524 XXI.

126 551 250 617 xandro
282 551 334 616 vel
365 550 540 617 maximam
570 553 729 618 exercitus
762 553 813 616 sui
844 555 972 636 partem
1005 554 1139 637 impedi-

126 642 300 725 mentaque
324 639 446 723 omnia,
475 639 593 725 quibus
621 642 803 724 apparatus¹
818 642 927 726 regius
950 642 1167 709 vehebatum

217 725 275 792 33.
300 724 363 793 Sed
386 727 473 792 enim
490 727 675 792 Alexander
694 729 874 793 viabundus
896 733 1012 795 cuncta
1035 732 1138 796 curio-
1158 739 1201 790 51.

126 816 194 882 sius
219 818 370 900 spectans
399 815 507 882 animo
529 817 764 900 perlustrabat,
791 821 916 882 montes
941 818 1066 884 scilicet
1089 841 1140 884 ar-

126 904 208 970 duos
236 907 269 969 et
296 907 452 990 congesta
480 927 632 970 saxorum
659 905 763 970 nivali
791 905 896 988 specie
924 907 1140 994 candentium,

126 1014 209 1078 quae
241 993 397 1078 pleraque
432 993 579 1077 crystalli
615 995 746 1058 metalla
779 993 983 1079 dicebamur,
1020 995 1140 1081 frigida

126 1102 205 1146 sane
233 1081 294 1146 sub
322 1081 405 1146 caeli
427 1081 528 1165 plaga
555 1085 588 1146 et
615 1083 733 1147 circum
763 1083 873 1147 omnia
900 1084 1039 1148 nubibus
1064 1106 1139 1150 oon·

125 1169 255 1236 vest'ta.
300 1168 399 1233 Enim
425 1170 529 1255 frigus
556 1171 619 1236 hoc
646 1170 749 1236 fertur
774 1194 841 1235 non
864 1171 1020 1236 obsistere
1043 1174 1179 1238 uber-10

126 1259 200 1324 tati.
230 1258 375 1323 Arbores
391 1259 477 1323 enim
492 1259 736 1340 procerissimas
751 1259 956 1346 virentesque
977 1263 1139 1346 etgraves

127 1347 233 1433 pomis
257 1347 377 1430 ubique
401 1347 590 1414 mirabatur.
630 1347 721 1413 Haec
743 1369 841 1431 poma
864 1353 958 1413 erant
980 1350 1030 1414 vel
1054 1351 1140 1415 mala

128 1435 265 1521 grandia
289 1435 329 1500 ad
353 1435 423 1500 auri
446 1435 586 1520 gratiam
611 1436 768 1519 colorata,
797 1435 852 1501 sed
881 1437 921 1500 ad
944 1439 1142 1523 magnitudi-

128 1545 203 1587 nem
221 1523 332 1608 ferme,
350 1545 432 1608 quae
451 1523 537 1607 apud
555 1546 616 1589 nos
635 1527 685 1589 est
703 1523 778 1589 citri
796 1527 1022 1591 excrescentia.
1050 1525 1140 1593 Uvae

127 1612 280 1694 ponderis
303 1616 336 1676 et
359 1612 529 1676 densitatis
557 1613 747 1696 immensae,
777 1635 909 1696 prorsus
937 1617 974 1678 ut
1002 1615 1137 1698 singulis
1154 1633 1179 1675 1⁶

129 1699 229 1764 acinis
263 1700 314 1764 vel
345 1700 580 1783 improbissimi
613 1702 680 1766 oris
712 1701 855 1766 hiatibus
885 1723 951 1766 non
982 1724 1140 1768 occursus.

129 1787 283 1852 Granatis
312 1788 409 1852 etiam
435 1790 531 1854 malis
560 1811 653 1854 suam
680 1789 736 1854 dat
764 1789 905 1875 gratiam
932 1791 1140 1877 magnitud03

128 1897 207 1940 num
225 1896 329 1960 grana
346 1875 413 1940 illis
427 1899 491 1961 quo
513 1878 647 1962 glandes
666 1879 799 1963 impetu,
820 1899 933 1943 verum
951 1878 1141 1964 ignicantia,

129 1985 246 2047 sapora
264 1966 388 2048 tamen3
412 1966 546 2050 ipsaque
569 1967 656 2031 mala
677 1988 744 2031 non
767 1968 872 2031 miuus
891 1989 1016 2050 pepone
1035 1990 1140 2041 exere·

129 2056 237 2131 scunt,
265 2052 427 2118 enimvero
455 2055 589 2139 potiori3
618 2055 798 2138 horumque
825 2077 998 2141 pomorum
1020 2057 1140 2140 perdif·
1155 2076 1182 2116 ao

129 2140 223 2205 ficilis
251 2140 391 2231 occasio:
419 2142 467 2205 ita
495 2144 604 2207 omnia
634 2145 682 2208 vel
709 2144 863 2228 pleraque
891 2144 1045 2210 dracones
1074 2168 1140 2210 am·

128 2228 215 2312 plexi
234 2229 402 2312 possident
421 2233 478 2294 aut
500 2231 687 2314 errabundi,
711 2235 781 2296 tum
806 2252 926 2314 genera
945 2232 1140 2298 lacertorum

128 2317 217 2381 haud
244 2318 351 2382 minus
375 2318 625 2384 ichneumonum
648 2319 878 2404 magnitudine.
921 2318 1026 2384 Multa
1050 2343 1140 2404 prae·
1160 2331 1205 2382 55.

128 2408 218 2469 terea
242 2407 455 2472 animantium
479 2427 599 2493 genera
623 2407 835 2492 innoxieque,
863 2406 918 2471 sed
946 2408 1031 2472 enim
1058 2409 1141 2475 facie

128 2494 309 2578 peregrina,
326 2497 448 2561 nostris
467 2495 696 2579 experimentis
714 2495 836 2574 aliena3
860 2498 894 2560 et
913 2496 1025 2561 simias
1043 2497 1141 2562 facile
1155 2517 1182 2558 as

129 2580 250 2647 viseres
271 2583 531 2668 magnitudinem
550 2606 700 2650 ursarum
718 2582 915 2648 nostratium
933 2589 1141 2669 supervectas

129 2669 317 2754 formasque
339 2673 447 2737 varias
471 2672 651 2758 simiarum,
680 2695 759 2758 quas
789 2673 909 2738 referre
938 2673 1068 2739 difficile
1092 2678 1142 2741 est

129 2757 315 2824 hominibus
338 2782 406 2825 non
428 2760 670 2846 insignientem.

219 3002 269 3060 83.
289 3008 304 3056 ὅ
320 3004 478 3060 viabnndus
489 3005 523 3061 P.
544 3006 723 3061 uthabnndus
732 3007 768 3063 A.
802 3005 968 3062 'lnivaleR
988 3007 1095 3076 spetiae
1104 3007 1141 3062 A.

131 3078 163 3126 11
185 3073 261 3144 Quae
279 3092 298 3128 a
316 3075 402 3131 verbis
422 3076 554 3132 ‘Arbores
573 3076 648 3131 enim
666 3077 725 3134 etc’
751 3079 880 3149 leguntur
902 3094 986 3148 usque
1009 3078 1046 3132 ad
1065 3078 1142 3131 ‘con-

131 3145 229 3213 spectu
253 3145 417 3214 dignentur’
442 3163 471 3216 p.
488 3151 546 3214 142,
562 3153 592 3216 9,
619 3163 670 3203 om.
696 3149 729 3202 P.
809 3153 842 3202 16
865 3147 1063 3218 improbissimi
1086 3148 1142 3202 oris

129 3216 236 3286 scripsi.
282 3215 417 3298 improbis
441 3217 466 3271 si
488 3217 602 3273 maioris
623 3218 659 3273 A.
705 3217 863 3287 implearis,
887 3219 911 3272 si
933 3217 1046 3273 maioris
1070 3218 1141 3274 Mai.

130 3283 288 3354 implearis,
312 3304 337 3340 sr
359 3287 473 3343 maioris
497 3288 552 3342 oris
577 3289 637 3342 Mc.
669 3304 797 3343 occurres
820 3289 928 3357 scripsi.
954 3304 1083 3344 occurras
1106 3291 1141 3344 A.

133 3360 165 3409 18
184 3356 293 3426 impetu
311 3357 383 3413 Mas
411 3357 549 3427 impetum
566 3360 603 3414 A.
658 3363 690 3412 19
710 3374 812 3428 sapora
830 3362 925 3413 tamen
943 3361 1057 3428 scripsi;
1083 3361 1143 3414 tam

132 3443 233 3496 sapora
250 3428 285 3482 A.
314 3444 424 3498 pepone
444 3429 518 3484 Mai.
543 3445 667 3498 pepones
686 3429 722 3483 A.
759 3435 794 3483 20
812 3429 915 3499 potiori
932 3431 1088 3499 horumque
1106 3430 1142 3488 A.

131 3495 260 3565 potiundi
278 3499 378 3553 horum
390 3499 462 3555 Mai.
500 3505 534 3553 23
553 3499 710 3556 haudMae'.
730 3501 824 3556 autA.
862 3505 895 3554 2¹1
915 3501 1017 3557 referre
1035 3503 1142 3573 scripsi.

132 3565 159 3620 ei
176 3567 250 3624 ferre
268 3569 304 3627 A.
334 3568 506 3640 distinguere
527 3571 600 3626 Mai.
611 3570 668 3626 Mr.
