2622 3932
374 231 491 286 PRIMA
508 230 710 287 RESPONSIO
730 231 883 286 DINDIMI.
1070 229 1132 293 171

122 397 242 476 cupato
270 415 386 476 parum
413 395 568 477 temporis
597 394 637 457 ad
664 393 834 477 legendum
857 393 961 458 datur.
1007 391 1069 457 Sed
1092 387 1146 456 ne

121 481 262 545 invidiae
281 503 379 545 causa
393 481 539 545 deserere
556 504 607 546 me
622 482 752 564 diceres,
772 481 939 564 expediam
958 486 995 545 ut
1010 484 1134 565 potero,

123 591 205 654 quae
228 569 375 652 requiris.
420 567 562 634 Nuntios
591 571 677 634 enim
705 571 744 635 de
767 570 863 635 nobis
889 569 1009 633 dudum
1038 569 1078 633 ad
1101 573 1133 633 te

122 659 269 742 prolatos
288 679 354 722 non
373 657 535 722 immerito
555 658 661 722 famae
676 658 858 722 incredulus
875 658 1037 741 respuisti,
1055 679 1132 721 nam

122 746 207 811 solet
230 745 369 831 gaudere
392 746 565 829 figmentis.
610 744 705 810 Nunc
732 750 842 810 tamen
869 767 907 810 ex
931 767 982 810 me
1005 745 1158 809 indubi-⁶

124 837 233 898 tenter
250 835 379 918 percipe
402 855 509 897 rerum
533 833 629 899 fidem
648 837 830 917 contentus,
854 833 894 897 ad
912 835 1007 898 beate
1025 833 1132 898 viven-

123 921 199 987 dum
223 922 334 1006 quales
358 922 549 1006 habeamur,
573 943 760 1006 agnoscere3
786 923 828 986 sit
852 943 927 986 sane
950 923 998 986 tui
1021 922 1132 986 iudicii

122 1032 168 1093 ea,
188 1032 281 1094 quae.
288 1010 499 1094 proferemus,
522 1014 631 1075 utrum
652 1011 814 1095 sequenda
834 1032 964 1075 censeas
984 1032 1026 1074 an
1045 1031 1132 1092 sper-

120 1099 235 1163 nenda.
884 1149 888 1156 .

211 1187 298 1251 Gens
325 1187 428 1271 igitur
451 1186 710 1273 Bragmauorum
738 1208 820 1269 pura
844 1190 880 1250 et
900 1185 1039 1269 simplici
1062 1186 1131 1250 rita
1145 1204 1171 1246 ιο

121 1275 211 1339 vivit.
258 1273 365 1340 Nullis
396 1297 502 1339 rerum
539 1276 665 1358 capitur
697 1275 868 1340 illecebris.
919 1264 976 1339 Nil
1009 1274 1133 1357 appetit

122 1363 274 1446 amplius,
305 1385 401 1446 quam
424 1363 508 1428 ratio
532 1369 666 1427 naturae
689 1363 825 1447 flagitat.
871 1362 987 1426 Omnia
1010 1363 1133 1445 patitur

122 1471 159 1514 ac
187 1451 306 1514 tolerat
336 1450 418 1514 illud
447 1456 566 1534 putans
598 1452 831 1532 necessarium,
864 1451 949 1535 quod
977 1452 1038 1514 scit
1065 1473 1132 1514 uon

122 1559 192 1602 esse
216 1539 421 1622 superfluum.
466 1539 585 1602 Facilis
609 1539 704 1603 nobis
730 1560 855 1622 semper
878 1539 1041 1622 alimonia,
1066 1561 1132 1602 non

123 1649 220 1710 quam
247 1627 394 1691 luxuriae
418 1621 581 1712 sagacitas
605 1650 663 1710 per
686 1629 795 1692 omnia
818 1648 948 1690 currens
972 1627 1131 1690 elementa
1146 1643 1171 1682 15

122 1715 296 1799 perquirit,
330 1716 384 1780 sed
417 1737 513 1798 quam
543 1715 641 1780 tellus
671 1716 757 1780 ferro
787 1715 945 1779 inviolata
974 1714 1133 1798 producit.

122 1801 268 1868 Mensam
297 1803 400 1887 epulis
429 1824 599 1867 oneramus
630 1805 785 1868 innocuis.
834 1802 920 1866 Hinc
951 1806 1016 1885 est,
1047 1803 1133 1885 quod

122 1892 212 1957 nulla
243 1913 361 1976 genera
387 1893 576 1956 morborum
604 1913 810 1956 numeramus
839 1895 872 1955 et
898 1891 1046 1974 uomina,
1077 1891 1132 1954 sed

123 1979 280 2044 diuturnis
296 1981 421 2063 gaudiis
440 1981 554 2044 salutis
570 1981 783 2045 intemeratae
798 1981 982 2045 defruimur.
1015 1977 1132 2044 Nullus

121 2067 232 2151 itaque
255 2069 340 2151 apud
368 2090 427 2131 nos
452 2069 603 2133 sanandis
622 2068 821 2152 'corporibus
845 2091 921 2132 usus
946 2072 996 2131 est
1019 2068 1132 2131 herba·
1147 2085 1172 2124 20

121 2177 193 2220 rum
222 2178 280 2221 nec
308 2158 342 2219 in
372 2157 495 2221 alienas
521 2157 679 2240 pernicies
708 2159 864 2221 auxilium
891 2157 1031 2238 petimus
1059 2177 1132 2218 con-

123 2245 239 2310 stituti.
282 2243 386 2328 Opem
409 2267 475 2309 non
493 2251 643 2327 precatur
667 2247 748 2309 alter
771 2246 811 2308 ab
837 2244 910 2324 alio,
936 2243 991 2307 ubi
1015 2243 1133 2306 vivitur

123 2331 207 2395 inter
225 2354 329 2417 pares.
366 2331 471 2397 Locus
495 2355 559 2397 non
578 2333 751 2416 praebetur
769 2331 921 2413 invidiae,
943 2330 1000 2394 ubi
1024 2331 1131 2394 nullus

122 2420 269 2504 superior
293 2424 351 2485 est.
397 2420 515 2490 Omnes
544 2421 658 2486 divites
687 2421 767 2484 facit
790 2419 992 2505 paupertatis
1016 2440 1131 2502 aequa-

122 2508 208 2572 litas.
254 2507 376 2573 Iudicia
399 2531 463 2573 nou
487 2509 656 2588 habemus,
683 2509 758 2593 quia
782 2507 973 2593 corrigenda
996 2528 1063 2570 non
1086 2506 1132 2569 fa·
1147 2529 1172 2568 aa

123 2596 233 2660 cimus.
272 2597 375 2682 Leges
396 2598 501 2662 nullas
525 2601 681 2678 tenemus,
705 2619 786 2681 quae
811 2597 896 2680 apud
915 2617 973 2660 vos
997 2594 1134 2659 crimina

122 2684 300 2766 proferunt.
345 2684 432 2750 Nam
455 2686 530 2749 dum
555 2687 742 2768 plerumque
768 2687 886 2750 severis
911 2683 1131 2748 sanctionibus

213 2883 347 2944 lparum
365 2877 400 2930 R.
437 2893 554 2947 parrum
573 2881 619 2930 eet.
655 2893 774 2947 parvum
798 2877 932 2946 temporis
955 2873 1078 2943 spatium
1099 2874 1132 2928 P.

123 2951 139 2998 3
158 2947 289 3017 requiris]
304 2949 397 3014 queris
406 2947 439 3000 L.
494 2953 511 3000 4
529 2946 670 3001 immerita
683 2947 758 3002 fame
772 2947 930 3001 incredulos
940 2945 975 3000 L.
1026 2949 1042 2998 5
1062 2943 1134 2997 solet

123 3015 244 3071 L.R.B.
273 3016 365 3071 solent
382 3017 412 3072 V.
444 3017 516 3072 solet
533 3018 610 3072 fama
627 3019 659 3073 P.
711 3017 801 3072 ssfide
819 3019 895 3072 LB.
948 3015 1135 3070 'thabeamus

122 3086 199 3140 LE.
266 3093 335 3142 8ea
355 3089 389 3144 P.
414 3104 463 3143 om.
483 3094 529 3142 oct.
563 3089 730 3160 spernenda]
749 3087 905 3157 respuenda
923 3088 955 3141 V.
996 3091 1028 3139 10
1048 3083 1133 3164 Gens]

124 3156 218 3211 Genus
243 3157 278 3212 L.
311 3159 545 3228 bragmannorum
569 3160 602 3212 L.
639 3160 699 3213 vita
722 3157 805 3229 vivit]
829 3176 885 3212 una
908 3157 968 3213 vita
991 3155 1026 3210 L.
1063 3154 1135 3208 vivit

124 3229 216 3282 om.P.
252 3227 346 3282 Nullis
370 3244 461 3283 rerum
485 3228 558 3284 RB.
596 3229 689 3282 nullus
712 3246 775 3283 reus
800 3229 833 3283 L.
841 3230 876 3284 B.
912 3227 1016 3280 nullius
1039 3226 1080 3280 rei
1103 3224 1133 3278 V.

125 3303 158 3351 14
172 3305 237 3369 post
256 3300 449 3382 ‘superfluum'
470 3299 549 3353 addit
567 3316 617 3353 nec
636 3300 842 3353 ultramodum
863 3300 896 3354 P.
932 3297 1034 3351 Facilis
1053 3295 1140 3378 nobis,

124 3369 511 3512 ustulatus&
536 3370 1135 3520 ¹²⁰3studi..tltttttsdttt

123 3511 258 3578 sospitate
287 3511 321 3565 P.
408 3517 441 3564 21
469 3511 614 3566 constituti
638 3513 673 3566 L.
682 3513 714 3566 P.
722 3513 758 3579 B.
793 3528 843 3567 aaa.
870 3511 905 3565 R.
941 3511 1074 3564 constitui
1102 3508 1135 3563 V.

124 3585 157 3632 22
178 3582 273 3652 opem]
292 3580 383 3636 maior
405 3582 437 3638 V.
510 3587 544 3636 ab
564 3581 670 3636 Indicia
687 3583 723 3636 L.
