2650 3920
115 877 420 953 nnnxnuuur
445 877 626 974 unani,
651 877 807 954 uncis
835 877 1182 974 uncnnonuu

177 1015 246 1086 ur
272 1011 495 1110 mirmur,
522 1012 679 1090 auara
706 1013 1119 1109 eunomuosuu,

421 1149 492 1223 nn
519 1149 873 1225 Pnrnosorffln
1055 1125 1059 1134 ’
1224 1131 1226 1138 ’

206 1285 307 1358 rue
331 1284 588 1360 LITTERAS
614 1283 788 1360 rncnn
816 1284 1087 1360 concinno

469 1441 616 1538 Epistola
638 1454 824 1521 Alexandri.
1168 1480 1183 1520 s

233 1613 368 1698 Saepius
397 1615 437 1679 ad
466 1637 560 1679 aures
589 1637 677 1679 meas
704 1615 800 1679 fando
824 1616 972 1698 pervenit
994 1616 1156 1680 rationem

143 1704 231 1768 vitae
254 1707 383 1768 vestrae
412 1725 432 1767 a
460 1703 621 1767 communi
645 1702 770 1766 ratione
794 1702 976 1785 hominum,
1005 1704 1061 1787 qui
1085 1703 1157 1767 ubi-

145 1813 206 1875 que
230 1793 315 1874 sunt,
338 1790 533 1874 discreparc3
556 1813 633 1854 nam
656 1813 715 1854 nec
738 1795 843 1855 terrae
866 1813 927 1856 nec
950 1791 1059 1875 pelagi
1083 1791 1155 1854 sub-

145 1879 236 1943 sidiis
260 1879 307 1942 uti
330 1901 387 1944 vos
412 1882 562 1944 asserunt
585 1879 780 1943 nuntiantes.
828 1880 916 1955 Quae
932 1879 1000 1962 res,
1024 1879 1075 1943 sui
1097 1901 1156 1943 no-

144 1967 245 2032 vitate
270 1967 445 2048 mirabilis,
471 1979 639 2031 rumorum
666 1967 799 2031 licentia
826 1968 953 2033 videtur
981 1967 1154 2031 incredula.
1170 1993 1199 2031 ιο

144 2055 190 2120 Et
212 2059 300 2119 recte
324 2057 491 2119 consulere
513 2077 571 2138 per
593 2055 653 2118 has
677 2059 725 2138 te,
748 2055 909 2140 Diudime,
932 2056 1060 2119 litteras
1083 2076 1157 2138 pro-

145 2143 267 2227 peravi,
289 2148 326 2206 ut
350 2143 378 2206 si
401 2166 512 2208 verum
536 2145 595 2227 cst,
620 2144 705 2227 quod
729 2143 921 2222 audivimus
945 2150 977 2207 et
1001 2143 1029 2206 si
1051 2142 1158 2225 philo·

84 2295 103 2314 ἦ
145 2231 304 2314 sophandi
323 2252 420 2295 causa
438 2231 500 2295 hoc
519 2231 635 2308 facitis,
658 2231 885 2294 incunctanter
909 2231 1069 2314 expedias,
1094 2251 1156 2314 quo

146 2320 264 2382 certior
283 2318 416 2383 effectus
440 2339 500 2400 ego
525 2339 663 2402 quoque,
687 2318 714 2382 si
737 2317 807 2381 fieri
826 2322 945 2400 potest,
968 2317 1158 2400 disciplinae

146 2409 286 2471 sectator
303 2405 401 2469 huius
420 2407 582 2471 exsistam.
620 2404 753 2488 Semper
768 2406 853 2470 euim
867 2407 1023 2470 virtutum
1042 2405 1156 2469 studiis
1171 2428 1198 2470 re

146 2494 186 2558 ab
223 2494 351 2556 ineunte
384 2496 489 2557 aetate
522 2494 596 2557 dedi
634 2515 767 2576 operam·
804 2494 988 2577 traditaque
1024 2493 1107 2557 mihi
1131 2515 1158 2570 a

146 2581 348 2665 sapientibus
376 2582 579 2645 innocentiae
608 2581 763 2645 mandata
785 2603 852 2659 non
875 2582 1095 2666 indiligenter,
1122 2585 1159 2645 ut

146 2670 305 2753 arbitror,
337 2671 541 2752 conservavi3
574 2671 691 2752 quibus
724 2674 835 2733 tamen
867 2670 915 2733 ita
943 2669 1158 2734 informamur

147 2758 185 2822 ad
214 2759 297 2822 bene
321 2758 506 2842 vivendum,
533 2761 571 2822 ut
592 2757 724 2822 vivendi
753 2758 884 2822 omnino
913 2779 1026 2822 causas
1055 2761 1087 2821 ct
1110 2779 1157 2822 re·

113 2875 117 2886 ’
146 2845 252 2910 media
280 2868 347 2910 uon
375 2847 556 2930 perdamus.
601 2844 663 2910 Sed
689 2847 764 2929 quia
788 2849 899 2910 vestra
922 2847 1094 2928 excellens,
1120 2849 1159 2910 ut
1172 2872 1199 2912 ee
1284 2901 1287 2906 .

146 2936 262 3016 fertur,
291 2934 452 2998 industria
478 2938 608 3018 practer
640 2934 714 2998 illas
744 2933 988 3018 philosophicas
1013 2934 1157 3017 philoso-

236 3089 271 3142 L.
288 3113 321 3132 =
338 3089 429 3144 Codex
443 3089 522 3144 Leid.
539 3089 613 3144 Voss.
629 3089 694 3146 Lot.
711 3089 741 3160 Q.
757 3095 797 3145 20
808 3106 878 3152 saec.
894 3091 954 3144 IX.
994 3090 1027 3144 P.
1043 3115 1077 3134 ==
1093 3088 1158 3144 God.

148 3160 217 3214 Por.
238 3163 330 3215 17569
346 3161 455 3214 membr.
474 3161 522 3227 sol.
541 3162 639 3229 quadr.
659 3176 726 3216 saco.
748 3161 826 3216 XII.
885 3162 928 3214 M.
944 3187 977 3206 =
994 3159 1058 3215 Ood.
1079 3160 1158 3214 Mill-

145 3231 300 3285 stadtense's.
335 3230 365 3283 V.
377 3256 411 3275 =
423 3229 487 3285 Ood.
500 3231 615 3285 Vindob.
625 3235 681 3285 150
689 3248 723 3285 m.
734 3248 801 3287 socc.
814 3230 911 3284 XIII.
932 3232 1064 3300 (conticet
1072 3231 1159 3284 solem

144 3301 1158 3426 rauconcamerata,remunerer:

145 3414 230 3494 tione·
240 3441 274 3495 P.
298 3411 492 3496 communione
507 3442 543 3496 R.
568 3413 757 3496 communium
771 3443 805 3496 L.
812 3414 848 3496 B:
873 3442 1013 3495 communi
1030 3458 1083 3493 usu
1101 3440 1158 3493 cod.

150 3511 236 3566 Occu.
293 3515 379 3566 9sua
399 3513 431 3569 P.
489 3518 519 3566 11
540 3515 618 3566 recta
636 3513 710 3566 Keil.
766 3511 1020 3566 refecissem.
1077 3515 1109 3561 19
1129 3512 1159 3562 ut

136 3581 267 3636 .vivendo
278 3581 313 3636 L.
333 3587 365 3636 ut
378 3582 448 3638 bene
463 3583 577 3638 vivendi
586 3583 622 3636 B.
659 3588 694 3635 20
713 3585 745 3636 ut
759 3583 847 3636 fertur
857 3582 930 3636 Keil.
950 3581 1065 3635 offertur
1076 3578 1158 3632 Oodd.
