2648 3924
477 213 608 270 OBITUS
627 212 850 269 ALEXANDRI.
1104 215 1166 280 137

157 379 274 464 simos,
301 376 482 460 Aethiopas
509 377 658 461 impubes
682 375 894 461 quingentos,
921 375 1079 460 psittacos
1103 397 1168 460 sex,

158 467 379 552 sphingasque
403 486 468 545 sex,
488 469 680 549 praeterque
701 464 780 528 haee
799 463 954 529 Ammoni
972 464 1031 530 deo
1054 468 1167 531 nostro

158 576 311 621 eoronam
339 554 521 638 smaragdis
549 575 587 619 ae
615 553 817 637 margaritis,
847 553 946 618 etiam
977 555 1168 619 toreumatis

157 643 394 729 pretiosiorem.
443 642 505 707 His
538 646 572 707 et
601 640 724 707 looulos
753 640 984 707 refertissimos
1015 643 1169 727 cuiusque

157 731 285 816 generis
308 731 559 815 margaritarum
578 732 674 813 atque
693 749 895 814 gemmarum
919 730 959 794 ad
978 730 1089 796 deeem
1112 751 1196 795 nus

157 841 282 884 merum
310 821 532 902 eburneosque
557 818 640 882 alios
666 818 792 883 loculos
816 819 984 904 octoginta
1007 841 1072 883 una
1094 819 1169 882 misi

156 908 269 972 usibus
293 912 326 972 et
349 907 474 972 deliciis
501 906 567 972 tuis
590 906 794 989 ferarumque
822 926 957 991 genera,
985 929 1067 991 quaa
1094 911 1170 971 suut

157 997 333 1081 nostratia,
362 996 554 1080 elephantos
582 997 744 1059 trecentos
773 995 1021 1081 quinquaginta,
1049 996 1169 1080 pardos

158 1106 228 1169 sex,
253 1085 476 1150 rhinocerotas
500 1083 681 1168 octoginta,
709 1083 884 1167 pantheras
911 1104 987 1148 vero
1016 1087 1170 1170 quattuor

157 1173 263 1257 milia,
295 1194 390 1238 canes
421 1173 521 1237 etiam
550 1172 585 1236 in
614 1171 763 1236 homines
794 1172 1036 1237 efferatissimos
1066 1193 1208 1237 nona-10

158 1261 259 1346 ginta,
282 1265 394 1326 tauros
412 1263 584 1342 trecentos,
606 1260 716 1345 virgas
737 1259 832 1324 ebeni
851 1260 940 1326 mille
964 1264 1060 1345 atque
1078 1261 1170 1344 quin-

158 1353 287 1435 gentas,
314 1371 396 1434 quae
425 1371 497 1415 oum
524 1349 665 1433 primum
694 1348 868 1414 auferenda
890 1349 1037 1434 iusseris,
1065 1353 1170 1413 trans-

157 1440 336 1503 mittentur.
368 1437 458 1502 Haeo
477 1440 514 1502 ut
527 1437 652 1503 valebis
672 1437 859 1521 scribasque
878 1437 918 1500 ad
936 1459 996 1502 nos
1013 1437 1119 1520 velim,
1139 1440 1171 1502 et

157 1528 213 1610 qui
241 1527 362 1591 teiam
386 1527 473 1591 orbis
497 1526 641 1591 universi
665 1525 830 1590 dominum
854 1547 924 1590 esse
947 1524 1170 1610 gratulemur?
1185 1546 1211 1584 14

249 1613 306 1679 30.
330 1614 375 1678 Et
399 1615 438 1680 ad
461 1614 542 1680 haee
562 1615 691 1699 quidem
710 1613 935 1679 transferenda
953 1613 1091 1678 Alexan·
1148 1618 1220 1674 XIX.

158 1702 215 1767 der
240 1704 382 1767 miserat.
428 1703 503 1786 lpse
525 1725 601 1768 vero
629 1702 727 1786 paulo
754 1706 831 1785 post
854 1702 1009 1768 videndae
1037 1703 1169 1787 reginae
1188 1703 1233 1754 48·

159 1791 266 1856 studio
285 1791 341 1856 illo
362 1790 526 1875 profectus
552 1795 609 1856 est.
647 1790 740 1868 Quod
763 1791 820 1855 ubi
838 1789 985 1856 Oandaee
1004 1791 1170 1876 comperit,

159 1879 317 1944 eiusmodi
348 1900 418 1943 rem
451 1901 489 1944 ex
520 1879 650 1964 ingenio
685 1879 951 1946 comminiscitur.
1005 1879 1116 1947 Unum
1154 1901 1170 1943 e

158 1967 338 2051 pistoribus
370 1968 577 2051 peritissimis
609 1969 656 2033 ire
689 1969 773 2033 olam
810 1969 941 2033 obviam
979 1969 1169 2034 adventanti

158 2055 343 2121 Alexandro
366 2056 465 2141 iubet,
489 2077 625 2140 eumque
644 2078 743 2140 quam
763 2057 1031 2122 conliniatissime
1051 2057 1171 2122 efficiat
1184 2077 1210 2117 ao

159 2165 196 2208 ao
220 2143 376 2229 depingat
399 2148 495 2228 atque
519 2144 560 2210 ad
582 2165 653 2210 sese
676 2146 857 2228 properiter
878 2146 1050 2230 picturam,
1073 2167 1170 2231 quam

158 2233 316 2312 inleverit,
341 2232 474 2298 deferat.
515 2231 554 2297 Id
576 2232 632 2298 ubi
650 2232 775 2298 factum
794 2236 843 2297 est
862 2237 895 2296 et
912 2234 1020 2316 pictor
1037 2234 1171 2316 revenit,

160 2323 324 2405 aeeeptam
349 2321 492 2407 effigiem
516 2321 626 2386 abdito
650 2321 789 2404 quodam
813 2323 846 2385 et
870 2325 993 2385 seoreto
1017 2323 1112 2404 ponit
1136 2321 1171 2384 in

159 2409 242 2475 loeo.
288 2408 350 2475 Sed
373 2410 521 2475 insecuta
548 2413 599 2474 est
625 2409 748 2474 fastum
775 2409 838 2473 hoo
866 2408 1024 2473 eiusmodi
1050 2410 1169 2474 fabula.
1184 2428 1211 2467 24

158 2496 261 2563 Filius
290 2497 423 2584 reginae
449 2497 628 2582 (laudares,
656 2498 708 2562 oui
735 2518 854 2562 nomen
883 2495 1064 2561 Candaules
1093 2502 1170 2575 erat,
1189 2507 1233 2557 49.

159 2608 226 2651 una
249 2608 321 2652 oum
345 2587 510 2672 equitibus
530 2585 704 2651 admodum
726 2586 839 2669 pausis
857 2585 942 2650 forte
964 2585 1107 2651 adourrit
1131 2585 1171 2650 ad

160 2675 319 2759 quaedam
347 2677 491 2740 tentoria
513 2674 691 2738 Alexandri
714 2674 866 2738 militum.
911 2673 996 2738 Moti
1018 2696 1094 2739 vero
1119 2697 1171 2741 eu-

160 2762 269 2827 stodes
293 2763 451 2829 exereitus
475 2784 631 2848 personae
655 2763 799 2827 novitate
823 2762 999 2847 ducemque
1022 2765 1115 2828 illum
1138 2767 1171 2828 et

249 2941 264 2991 2
284 2935 473 3006 sphingasque
489 2937 547 2993 Mr.
567 2936 710 3007 frigasque
724 2938 759 2991 A.
779 2936 923 3007 fingasque
934 2938 967 2992 P.
986 2940 1082 2992 nostro
1097 2938 1171 2991 A.P.

140 3043 144 3054 ·
159 3007 254 3062 vestro
272 3007 346 3062 Keil.
408 3013 425 3061 4
443 3006 494 3062 His
512 3008 549 3062 ad
566 3009 674 3063 loculos
693 3008 726 3064 P.
788 3014 803 3062 7
819 3009 996 3075 ferarumque
1015 3008 1172 3077 Metapa

159 3077 280 3131 ferarum
298 3079 333 3132 A.
341 3078 375 3133 P.
419 3079 570 3133 8nostrati
588 3080 620 3135 P.
663 3080 848 3148 9pantheras
867 3079 938 3133 Mai.
987 3077 1118 3132 antheros
1138 3080 1172 3133 A.

159 3149 293 3216 pantaros
307 3149 339 3203 P.
379 3153 412 3201 10
432 3148 643 3203 efferaeissimos
657 3149 693 3203 A.
733 3155 765 3203 13
784 3149 862 3202 Haeo
880 3153 912 3202 ut
930 3097 1038 3202 vallatis
1057 3147 1174 3203 scribas·

159 3234 213 3286 que
232 3224 280 3273 etc.
300 3219 374 3274 A.P.
402 3224 540 3289 corrupta.

248 3289 297 3345 80.
318 3296 351 3345 16
370 3288 490 3344 videndo
504 3290 540 3344 A.
579 3296 612 3344 17
631 3289 772 3343 Candaees
786 3288 822 3342 A.
842 3287 977 3343 Gandaris
992 3289 1025 3343 P.
1063 3294 1097 3342 20
1117 3288 1173 3342 effi·

160 3358 217 3414 emt
235 3361 271 3414 A.
279 3360 314 3414 P.
342 3359 468 3428 effigiet?
505 3365 537 3415 21
559 3360 686 3428 propiter
703 3359 736 3413 P.
777 3364 811 3412 23
831 3359 953 3427 quodam
972 3374 1041 3414 eurr.
1061 3375 1095 3414 ea
1113 3359 1173 3427 qui·

160 3430 224 3484 dem
238 3431 274 3484 A.
326 3435 360 3484 rt
379 3429 515 3486 Gandaris
534 3431 570 3486 A.
591 3433 641 3500 (aio
658 3431 715 3496 fere
733 3431 852 3500 semper).
880 3427 1034 3485 Candaules
1052 3447 1121 3486 corr.
1141 3447 1174 3485 ee

160 3499 317 3626 §landanqqs
340 3501 376 3556 A.
406 3500 543 3558 candales
568 3502 603 3556 P.
675 3506 710 3556 26
729 3502 851 3557 occurrit
872 3502 908 3557 A.
981 3506 1016 3556 28
1034 3500 1115 3556 illum
1138 3501 1173 3554 A.

157 3587 252 3641 ipsum
300 3613 306 3626 .
