2650 3920
172 210 235 274 136
586 206 695 262 mana
711 206 760 265 ιιι.

171 374 241 438 erat
263 370 344 435 haec
367 368 600 435 Samiramidos
628 391 726 454 supra
753 369 869 435 diotae.
914 367 966 433 Ad
990 389 1060 433 eam
1082 369 1183 454 igitur

169 459 353 524 Alexander
377 458 491 524 scribit
514 459 608 523 talia:

261 546 461 632 ‘Aegyptum
486 547 657 612 adveniens
686 568 724 611 ex
748 544 1047 629 eorumindigenis
1073 545 1183 611 audivi
1201 562 1246 613 45.

170 636 238 701 illis
251 637 346 701 terris
366 639 399 700 et
417 635 530 701 domos
546 639 671 700 vestras
690 637 723 698 ct
742 633 913 718 sepulchra
932 655 1001 699 esse
1017 633 1183 699 defuneto-

143 746 257 808 srum3
286 746 324 789 ex
353 724 469 808 quibus
492 724 601 810 palam
628 723 691 788 fuit
714 722 935 787 dominatores
964 742 1035 787 esse
1058 722 1182 804 priscos

171 833 265 898 reges
289 812 391 878 vestri
413 812 603 897 Indiamque
626 811 778 876 tenuisse.
818 810 906 876 Nam
928 814 962 874 et
983 811 1100 876 relatio
1129 810 1182 875 ad-

172 901 256 966 didit
273 901 436 966 Ammona
459 921 586 984 quoquc
610 921 717 964 meum
741 899 901 965 militasse
924 921 989 963 uua
1007 899 1184 982 vobiscum,

169 995 207 1056 'ct
228 988 263 1053 id
285 990 392 1054 famae
412 989 670 1074 adstipulatore
654 989 753 1053 etiarn
772 988 894 1053 oraculi
912 988 1076 1071 maiestas,
1099 987 1183 1070 quod

173 1079 240 1143 edit
225 1081 295 1142 tum
318 1077 409 1142 iubet
430 1098 496 1142 uno
518 1098 579 1141 nos
603 1076 663 1141 deo
683 1076 783 1142 sacris
802 1077 946 1160 obsequi.
983 1075 1090 1152 Quare
1109 1075 1183 1140 reli-

130 1190 159 1230 ιο
173 1168 302 1268 giosum
330 1170 382 1231 est
367 1165 509 1231 tfacero
533 1164 619 1229 dei
609 1187 713 1248 mssa,
740 1168 773 1228 ot
800 1165 833 1229 id
861 1185 977 1229 moneo
1002 1164 1184 1248 suadeoque

171 1254 291 1320 rectius
320 1254 383 1318 tibi
412 1253 573 1337 facturae,
608 1255 636 1318 si
666 1253 809 1337 veneris,
844 1253 1007 1318 enimvero
1043 1253 1184 1318 multum

172 1346 376 1429 peccaturae,
400 1342 427 1406 si
452 1340 604 1410 omittas?

263 1428 322 1496 29.
345 1428 398 1494 Ad
421 1431 501 1495 haec
520 1429 669 1496 Gandace
692 1429 816 1494 scribit.
790 1427 969 1494 t‘Verius
992 1429 1088 1492 nobis
1112 1449 1183 1492 ora·
1202 1439 1250 1489 46.

172 1520 279 1584 culum
303 1523 354 1585 cst
376 1517 547 1584 Ammonis
571 1518 622 1584 dei
643 1539 747 1603 neque
770 1540 831 1583 nos
857 1518 892 1581 in
915 1516 1100 1601 Aegyptum
1123 1516 1183 1580 mi-

133 1632 159 1674 ra
173 1607 271 1673 litare
301 1629 405 1691 nequo
434 1607 561 1672 Indiam
596 1610 743 1673 nostram
778 1606 839 1670 hac
874 1628 912 1670 ex
941 1626 1038 1670 eausa
1068 1603 1185 1669 debere

173 1696 379 1778 commoveri,
403 1697 488 1760 enim
513 1696 541 1760 si
560 1695 631 1779 quis
650 1695 714 1759 huc
738 1694 862 1777 audeat,
885 1693 975 1758 hisce
993 1695 1107 1778 utpote
1127 1693 1184 1757 ho-

174 1785 279 1849 stibus
307 1805 483 1849 occursare.
534 1782 641 1859 Quare
671 1782 722 1846 dei
751 1783 848 1846 iussis
877 1802 992 1865 parere
1022 1782 1185 1847 decretum

173 1875 224 1936 est
256 1892 294 1935 ac
325 1869 551 1934 verecundum.
605 1867 674 1933 Nec
706 1889 766 1933 nos
800 1869 951 1933 aestimes
991 1891 1029 1934 ex
1063 1871 1185 1952 colore3

173 1959 293 2041 quippe
321 1958 372 2021 cui
400 1957 501 2021 animi
530 1956 676 2020 liberalis
700 1956 896 2039 speciest
847 1957 896 2020 int
897 1957 1003 2021 uenda
1029 1961 1092 2041 ost,
1120 1979 1186 2022 non

132 2047 255 2112 rosetis
286 2044 430 2128 corporis
459 2044 567 2109 forma
595 2044 803 2129 praeiudicat.
852 2043 890 2108 Id
919 2064 961 2107 nc
991 2048 1085 2127 putes
1116 2049 1185 2110 arte

173 2134 300 2201 timoris
329 2133 487 2217 adlatum,
518 2133 687 2218 octoginta
713 2132 807 2197 nobis
834 2131 972 2234 pqpulos
1004 2131 1085 2197 scito
1115 2154 1186 2197 esse

173 2225 226 2289 vel
247 2221 420 2326 maximos,
448 2243 567 2307 eosque
596 2222 704 2287 omnis
732 2241 831 2306 agere
857 2221 892 2284 in
920 2220 1019 2285 armis
1047 2243 1114 2286 non
1143 2222 1186 2286 ob

172 2312 325 2377 iniuriam
347 2310 557 2395 inferendam,
580 2310 636 2376 sed
659 2309 875 2375 inferentibus
899 2330 1097 2374 occursuros
1140 2311 1187 2374 At

173 2404 310 2468 verote
293 2400 455 2484 eprobo‚
484 2399 569 2484 quod
598 2399 639 2465 sd
667 2398 929 2464 communionem
955 2419 1016 2463 nos
1044 2399 1127 2463 sacri
1155 2403 1188 2462 et

133 2511 162 2553 ιι
176 2490 366 2574 obsequium
396 2509 492 2554 voces
522 2488 694 2553 Ammonis
725 2487 792 2570 dei,
823 2509 917 2572 quem
948 2486 1124 2552 maximum
1154 2490 1187 2550 et

174 2578 474 2662 praesentissimum
498 2576 628 2642 scimus.
673 2575 818 2641 Habebis
843 2596 921 2661 ergo
943 2575 1006 2640 tibi
1031 2597 1069 2639 ex
1091 2574 1185 2639 nobis
1205 2586 1252 2638 47.

176 2667 340 2731 amicitiae
360 2669 589 2750 argumentum
608 2667 737 2731 centum
755 2664 928 2729 laterculos
953 2663 1023 2727 auri
1041 2662 1187 2748 grandis-

264 2855 347 2922 sap
348 2855 444 2910 istolaa
470 2856 504 2910 ic
530 2856 578 2911 A.
594 2857 780 2924 arperecripta
806 2859 872 2909 suut
901 2855 980 2909 hacc:
1012 2851 1188 2906 EPISTOLA

174 2923 393 2982 ALEXANDRI
410 2924 461 2979 AD
481 2924 682 2980 OANDAOEM
699 2911 879 2980 REGIN‘AM.
956 2929 973 2978 5
991 2922 1054 2992 quis
1073 2925 1106 2980 P.
1139 2923 1187 2977 do-

175 2998 297 3053 minatos
316 2996 348 3049 P.
387 2995 495 3065 bregis
509 2998 546 3052 A.
553 2996 588 3052 P.
611 2996 713 3050 ralatio
728 2998 763 3050 A.
801 2994 943 3050 teditum
960 2940 1010 3050 Rq
1014 2994 1138 3049 edictum
1151 2995 1187 3076 A.

175 3086 231 3125 ιιιιο
255 3069 291 3123 A.
297 3068 331 3123 Ρ
358 3073 433 3120 una?
533 3071 566 3122 11
590 3067 732 3148 enimvero
754 3067 862 3149 scripsi.
890 3082 947 3120 non
968 3081 1035 3120 vero
1058 3066 1093 3121 A.
1102 3065 1135 3119 P.
1164 3064 1188 3118 si

174 3140 293 3197 veneris.
322 3138 386 3193 Non
409 3153 475 3192 vero
497 3138 570 3190 mult
558 3141 618 3190 tum
642 3137 666 3192 si
684 3135 793 3192 veneris
818 3141 849 3192 .ι“ι
872 3152 938 3191 vero
962 3137 1052 3190 multu
1071 3151 1188 3205 peccaro

175 3212 200 3266 si
218 3211 254 3265 A
331 3214 362 3264 12
382 3208 495 3263 omittas
514 3206 586 3262 Mar.
616 3207 759 3263 ammittas
778 3208 814 3263 A.
842 3206 932 3261 admit
920 3209 976 3262 ttae
994 3208 1027 3263 P

265 3280 314 3334 29.
348 3286 380 3333 13
406 3278 547 3332 Candaces
571 3279 605 3333 A.
612 3279 645 3334 P.
671 3281 721 3346 (sic
742 3280 799 3345 fere
820 3282 941 3346 semper)
976 3282 1038 3346 post
1058 3275 1187 3330 ‘scribit'

173 3351 394 3472 ιιι
643 3347 822 3502 resurr
837 3345 1188 3474 usurus

176 3492 210 3539 17
230 3503 374 3542 occursare
392 3505 460 3545 corr.
480 3506 513 3544 ea
531 3460 671 3545 incursare
684 3490 719 3546 A
753 3491 783 3558 in
802 3504 947 3545 occursare
962 3489 994 3544 P.
1057 3495 1091 3544 ιο
1110 3503 1189 3556 prae·

175 3553 292 3609 dicatP.
365 3561 397 3610 21
418 3559 487 3614 scito
506 3575 557 3616 om.
576 3561 611 3615 P.
