2646 3934
232 831 489 907 EPISTOLA
516 831 819 907 ALEXANDRI
845 829 1150 907 MACEDONIS

206 967 278 1042 ΑΙ)
304 965 675 1042 ARISTOTELEM
701 965 1011 1042 MAGISTRUM
1037 968 1181 1044 SUUM

188 1105 259 1178 DE
287 1102 500 1176 lTINERE
530 1099 630 1177 SUO
664 1102 734 1175 ET
761 1102 831 1175 DE
861 1100 981 1177 SITU
1007 1103 1202 1178 INDIAE.

280 1273 413 1358 Semper
440 1295 565 1338 memor
592 1274 641 1338 tui
669 1273 766 1338 etiarn
794 1275 879 1338 inter
905 1274 1002 1339 dubia
1027 1275 1201 1340 bellorum-

163 1385 252 1448 sque
279 1366 466 1427 nostrorum
494 1363 651 1445 pericula,
680 1362 844 1426 carissime
869 1367 1061 1446 praeceptor
1088 1385 1126 1428 ac
1155 1385 1202 1428 se·

190 1449 331 1516 cundum
354 1453 492 1515 matrem
517 1472 623 1516 meam
643 1471 837 1534 sororesque
860 1471 949 1514 meas
969 1451 1203 1536 acceptissime,

188 1545 221 1605 et
250 1540 402 1626 quoniam
433 1541 466 1603 te
497 1539 639 1603 deditum
670 1538 895 1624 philosophiae
923 1551 1092 1622 noveram,
1123 1539 1200 1604 scri-

188 1628 328 1693 bendum
356 1627 419 1692 tibi
449 1628 487 1691 de
515 1627 704 1710 regionibus
732 1627 844 1691 Indiae
873 1647 910 1691 ac
938 1627 977 1690 de
1006 1630 1095 1692 statu
1119 1628 1200 1693 coeli

187 1716 429 1800 innumerisque
454 1716 650 1800 serpentium
676 1718 709 1778 et
731 1714 899 1780 hominum
916 1715 1123 1799 ferarumque
1147 1737 1201 1800 ge

147 1833 173 1872 10
187 1807 319 1869 neribus
353 1803 553 1886 existimavi,
588 1807 625 1867 ut
660 1803 779 1886 aliquid
812 1825 871 1887 per
901 1825 1059 1868 novarum
1091 1825 1202 1868 rerum

189 1892 390 1976 agnitionem
414 1891 522 1955 studio
546 1893 579 1954 et
602 1893 731 1977 ingenio
755 1891 860 1974 possit
883 1892 1042 1956 accedere.
1082 1890 1200 1967 Quam-

188 2002 285 2064 quam
309 1981 342 2042 in
366 1981 398 2041 te
423 1985 647 2044 consummata
668 1980 840 2062 prudentia
863 1980 1051 2064 nullumque
1077 1980 1200 2045 adiuto-

187 2069 272 2132 rium
303 2067 488 2150 expostulet
519 2068 602 2131 ratio
633 2068 813 2151 doctrinae,
847 2090 929 2152 quae
962 2091 982 2132 a
1013 2073 1046 2132 te
1078 2072 1200 2152 tuoque
1313 2141 1317 2158 ,

189 2157 316 2222 saeculo
348 2176 385 2220 ac
414 2155 533 2220 futuris
561 2157 761 2240 temporibus
792 2157 979 2239 conveniat,
1008 2160 1134 2240 tamen,
1164 2161 1201 2221 ut
1316 2173 1317 2190 ¹

145 2273 171 2313 ιε»
189 2267 261 2310 mea
281 2247 375 2330 gesta
395 2265 615 2328 cognosceres,
638 2267 719 2328 quae
743 2244 861 2329 diligis,
885 2248 918 2309 et
939 2265 979 2308 ne
1003 2244 1081 2329 quid
1103 2245 1200 2310 inusi-

187 2338 293 2398 tatum
320 2333 473 2417 haberes,
503 2354 541 2397 ea
571 2353 652 2416 quae
682 2333 717 2396 in
746 2332 841 2398 India
870 2333 937 2399 vidi
966 2355 1025 2415 per
1056 2355 1198 2398 summos

177 2414 315 2488 labores
340 2443 377 2487 ac
399 2421 545 2503 pericula
563 2419 784 2502 Macedonum,
808 2421 978 2486 scribenda
998 2421 1059 2485 tibi
1078 2421 1199 2504 putavi.

187 2511 319 2577 Etenim
343 2513 420 2574 sunt
440 2509 539 2595 digna
557 2510 733 2573 memoriae
753 2510 883 2594 singula
906 2531 944 2574 ac
962 2509 1074 2574 multis
1094 2510 1199 2574 modis
1257 2547 1260 2552 -

188 2603 391 2682 coacervata,
414 2619 509 2683 quern
534 2597 573 2662 ad
595 2597 725 2662 modum
745 2598 886 2682 inspexi3
911 2619 978 2663 non
1001 2595 1199 2662 credideram

277 2839 311 2895 L.
323 2865 356 2886 ---
368 2839 432 2895 Ood.
447 2841 525 2896 Leld.
540 2840 613 2896 Voss.
631 2841 661 2911 Q.
676 2844 720 2896 20.
735 2841 842 2895 membr.
856 2857 924 2911 suec.
940 2841 1000 2896 IX.
1043 2842 1076 2896 G.
1088 2867 1122 2888 ==
1134 2843 1198 2898 Cod.

191 2909 424 2982 Guelferbytanus
441 2909 514 2981 Aug.
534 2916 639 2977 56,16.
661 2912 767 2966 membr.
786 2911 825 2964 8⁰.
849 2928 918 2967 saec.
940 2912 977 2966 X.
1031 2912 1066 2966 B.
1083 2938 1117 2959 =
1134 2913 1197 2968 Cod.

188 2982 279 3038 Parte.
301 2986 384 3036 8518.
407 2983 514 3036 membr.
538 2981 578 3036 8⁰.
601 2998 669 3036 saec.
693 2982 725 3036 X
744 2983 785 3036 vel
809 2981 868 3036 XI.
925 2983 969 3036 M.
984 3007 1019 3028 =
1035 2982 1099 3039 Ood.
1119 2982 1198 3040 Leid.

188 3053 262 3108 Voss.
284 3052 315 3122 Q.
334 3057 379 3107 29.
399 3053 507 3106 membr.
525 3068 592 3106 saec.
614 3051 652 3106 X.
704 3072 732 3105 ω.
749 3077 782 3098 =
797 3068 942 3108 carnencas
960 3055 1056 3108 bormm
1075 3056 1199 3109 codicum

187 3123 222 3178 L.
230 3124 305 3179 G.B.
313 3124 357 3177 M.
435 3121 466 3176 V.
482 3148 516 3167 =
531 3120 595 3178 (lod.
610 3122 760 3178 Vr'mdobom.
781 3126 843 3190 150,
862 3124 926 3178 olz'm
948 3124 1027 3180 Um'o.
1046 3128 1110 3181 863.
1130 3140 1199 3180 suec.

190 3195 290 3248 XIII.
401 3192 429 3248 θ.
453 3218 487 3238 ==
510 3191 573 3250 Ood.
595 3193 686 3249 Paria.
709 3198 809 3251 17569.
834 3196 941 3249 membr.
967 3195 1006 3248 4⁰.
1031 3211 1100 3250 suec.
1121 3195 1200 3249 XII.

190 3264 224 3317 P.
241 3289 274 3310 =
290 3265 354 3320 Ood.
375 3265 466 3320 Paria
486 3266 700 3320 4880.·membr.
723 3265 771 3332 sol.
790 3281 858 3320 suec.
880 3264 977 3320 XIII.
1033 3266 1072 3320 H.
1088 3291 1119 3311 ε
1135 3265 1198 3320 Ood.

188 3334 267 3389 Leid.
286 3334 340 3389 Nr.
354 3338 401 3391 20.
420 3335 527 3390 membr.
546 3336 594 3402 fol.
612 3351 681 3390 saec.
702 3335 782 3389 XII.
806 3367 840 3376 -
865 3341 881 3389 8
900 3334 1063 3405 regionibus
1082 3336 1121 3391 H.
1151 3352 1197 3405 ge-

187 3403 300 3457 neribus
320 3425 350 3458 ω.
382 3405 544 3473 regionibus
563 3421 632 3460 corr.
652 3423 685 3460 ex
703 3405 853 3474 generibus
873 3405 906 3461 G.
953 3412 986 3460 12
1006 3409 1199 3460 consummata

187 3471 279 3593 Ξξζο
297 3542 323 3594 ,ἦ
345 3480 383 3597 ι115
401 3475 580 3546 inusitatum]
599 3475 793 3531 invisitatum?
865 3482 898 3533 18
917 3475 1029 3531 Etenim
1047 3495 1104 3533 non
1122 3477 1198 3531 L.B.

282 3560 304 3594 r1
369 3585 375 3598 ι
