2646 3934
277 171 452 228 EPISTULA
469 170 686 226 ALEXANDRI
703 172 753 227 AD
772 171 1049 234 Anisuornnnn„
1094 172 1157 236 211

148 335 353 417 ferarumque
376 333 449 397 loca
473 333 671 399 deduxerunt
693 335 728 398 in
751 355 942 418 proxumam
966 335 1086 402 oraculi
1113 356 1160 400 se·

148 424 230 488 dem.
272 421 320 486 De
340 422 458 506 quibus
482 422 559 486 feris
584 426 616 487 et
639 423 854 506 serpentibus,
878 423 954 507 quia
972 424 1161 490 innumerae

148 514 182 576 et
204 510 315 576 Indica
338 511 452 595 lingua
472 517 567 575 crant
585 511 758 595 vocitatas,
782 510 988 576 scribendum
1011 513 1072 577 tibi
1096 534 1161 577 non

147 599 270 684 putavi.

238 685 320 753 Cum
340 690 448 752 autem
468 687 802 772 adpropinquarcmus
823 688 864 752 ad
882 688 1048 772 regionem
1067 689 1189 754 nobiss

148 775 359 862 praedictam,
383 775 522 840 vidimus
543 776 681 841 feminas
705 778 856 860 virosque
880 778 1006 861 aliquos
1029 777 1164 861 panthe-

148 888 221 930 rum
251 868 284 928 et
311 864 468 948 tigridum
496 865 635 947 pellibus
665 869 840 930 contectos.
886 863 968 931 (lum
996 887 1164 950 quaerere·

148 977 234 1036 mus,
263 953 395 1037 quinam
427 953 595 1018 hominum
624 956 747 1039 essent,
776 952 875 1019 Indos
904 976 937 1018 se
967 976 1025 1018 sua
1052 955 1164 1039 lingua

152 1064 223 1107 esse
247 1041 406 1108 dicebant.
447 1040 554 1106 Locus
580 1046 688 1107 autem
713 1046 783 1107 erat
801 1043 921 1128 larguS,
944 1047 1016 1107 ture
1035 1046 1069 1106 et
1087 1065 1163 1126 opo·

149 1132 300 1196 balsamo
319 1129 478 1194 immenso
499 1130 695 1216 abundabat,
713 1153 795 1215 quac
814 1131 954 1215 plurima
973 1132 1071 1196 ramis
1092 1154 1165 1198 suo·
1180 1153 1206 1192 ιο

149 1242 222 1285 rum
242 1219 498 1283 innascebantur
516 1241 695 1285 nemorum.
735 1220 820 1284 Exin
843 1221 931 1285 vesci
954 1220 1078 1285 incolae
1098 1221 1165 1284 eius

149 1307 294 1393 regionis
314 1310 558 1372 consueverant.
599 1306 645 1371 llt
667 1330 740 1373 cum
760 1309 937 1374 sacrarium
959 1308 1054 1374 nobis
1072 1330 1166 1393 prae-

151 1397 273 1462 dictum
306 1399 339 1460 et
372 1395 484 1460 multis
516 1394 721 1480 incognitum
754 1397 1013 1483 incessissemus,
1047 1399 1165 1481 pedum

151 1485 291 1570 amplius
316 1483 425 1549 decem
450 1486 578 1548 statura
603 1483 709 1567 altior,
731 1484 826 1569 nigro
846 1507 990 1569 corpore,
1012 1485 1164 1551 dentibus

150 1574 275 1639 caninis
297 1572 434 1637 antistes
454 1573 577 1637 oraculi
597 1573 749 1656 apparuit
766 1572 940 1656 perforatis
961 1574 1104 1657 auribus,
1127 1597 1166 1638 ex
1180 1593 1205 1635 rs

150 1662 268 1745 quibus
296 1661 431 1726 uniones
454 1661 641 1745 pendebant
670 1660 837 1745 anulique,
865 1664 898 1725 et
926 1665 997 1726 erat
1023 1663 1164 1746 pellibus

148 1751 297 1814 vestitus.
347 1749 454 1834 Atque
483 1771 555 1814 oum
584 1771 635 1814 me
664 1771 754 1814 more
782 1749 891 1835 gentis
919 1750 1006 1814 illius
1036 1751 1164 1835 rituque

150 1838 318 1920 salutaret,
337 1841 460 1902 metum
480 1837 687 1902 simulatione
706 1838 901 1922 silentioque
920 1839 995 1905 texi.
1027 1840 1072 1904 Et
1091 1861 1164 1903 cum

149 1927 377 2011 interrogaret,
401 1925 536 2010 utquid
560 1947 597 1991 eo
621 1927 791 2012 venissem,
815 1927 882 1991 dixi
904 1948 956 1992 ms
980 1928 1164 2011 cupientem

147 2015 306 2099 inspicere
335 2036 443 2080 sacras
472 2014 603 2080 arbores
633 2013 717 2080 Solis
748 2019 780 2080 et
807 2015 927 2081 Lunae.
978 2015 1062 2081 Tum
1090 2017 1162 2082 bar·
1177 2037 1203 2077 so

146 2104 245 2169 barus
270 2102 321 2168 ‘si
341 2125 360 2167 a
379 2104 467 2168 coitu
485 2104 577 2186 pueri
585 2102 605 2186 ,⁹
629 2105 744 2188 inquit,
768 2103 813 2168 ‘et
835 2105 991 2169 feminino
1011 2109 1162 2171 contactu

146 2213 258 2275 vacas,
282 2191 359 2256 licet
383 2191 505 2256 intrare
529 2193 673 2256 divinum
696 2190 825 2257 locum?
872 2191 1087 2276 Secutumque
1110 2215 1162 2258 me

148 2300 220 2343 oum
245 2279 357 2344 amicis
381 2282 414 2344 et
437 2301 509 2343 oum
532 2279 838 2344 commilitatoribus
862 2280 990 2344 circiter
1007 2283 1161 2346 trecentis

148 2367 307 2450 deponere
337 2367 450 2431 anulos
478 2371 649 2451 vestesque
678 2371 810 2433 cunctas
840 2389 912 2432 cum
941 2369 1160 2435 calciamentis

146 2455 330 2539 imperavit.
366 2455 536 2539 Imperavi,
554 2477 613 2539 per
630 2457 741 2522 omnia
758 2456 901 2521 hominis
919 2461 956 2522 ut
974 2479 1160 2542 pareremus
1174 2478 1200 2520 ss

144 2680 317 2752 serpentium
343 2681 520 2751 ferarumque
545 2682 710 2751 plerumque
736 2683 929 2738 habundantia
951 2700 1086 2752 aquarum
1110 2686 1158 2741 du·

143 2755 244 2807 xerunt
260 2752 290 2809 V.
328 2752 510 2807 ninnumera
531 2752 558 2807 0.
596 2753 772 2808 tuccitatse
791 2754 830 2808 H.
849 2755 973 2809 vocitata
992 2760 1038 2810 cet.
1076 2760 1158 2812 bau·

143 2825 201 2879 tem
220 2840 270 2879 cm.
290 2824 364 2878 ro.H.
403 2822 690 2894 appropinquaremus
714 2823 824 2895 regioni
847 2842 864 2880 a
887 2825 967 2880 nobis
991 2826 1098 2896 petitae
1117 2828 1157 2884 H.

143 2896 258 2949 9lucus
277 2894 316 2948 H.
378 2901 410 2948 10
430 2895 553 2966 suorum]
572 2912 669 2950 eorum
688 2895 726 2950 H.
788 2903 820 2950 11
840 2895 947 2951 Exinde
968 2896 996 2951 0.
1060 2905 1092 2952 12
1113 2916 1157 2953 sa-

143 2965 264 3020 crarium
284 2964 313 3019 0.
340 2966 473 3020 serarium
493 2987 523 3020 ω.
550 2966 700 3021 sossarinm
719 2968 756 3022 H.
783 2967 837 3021 iter
856 2967 887 3022 V.
966 2974 999 3023 16
1019 2969 1156 3038 depende·

141 3037 212 3091 bant
224 3035 252 3091 0.
291 3041 324 3091 17
339 3035 430 3105 gentis
444 3037 520 3091 illius
535 3037 707 3094 om.a.l⁷.H.
747 3043 780 3092 18
795 3038 983 3096 salutasset&
1011 3047 1116 3095 melum
1126 3040 1156 3096 0.

142 3110 171 3163 et
197 3123 307 3162 mecum
332 3107 366 3161 L.
375 3106 494 3163 G.M.V.
537 3109 595 3162 texi
622 3107 650 3163 Ο.
676 3108 748 3163 texit
775 3115 822 3164 cet.
867 3113 971 3164 metum
989 3114 1067 3164 -et
1092 3129 1155 3166 cum

142 3195 193 3235 om.
213 3179 252 3234 H.
358 3183 391 3231 19
410 3179 528 3247 utquid
548 3178 575 3233 0.
605 3179 673 3246 quid
691 3179 726 3235 L.
735 3179 867 3235 M.B.H.
895 3180 971 3249 quod
991 3181 1024 3237 G.
1055 3199 1102 3236 cur
1123 3182 1154 3238 V.

142 3265 175 3305 eo
192 3249 268 3305 cM.
293 3264 345 3319 ego
360 3249 394 3304 L.
404 3247 479 3304 Gn.
487 3249 517 3305 V.
525 3249 564 3305 H.
624 3254 658 3302 20
678 3251 784 3322 sacras]
805 3267 879 3306 seras
894 3271 925 3305 ω.
979 3257 1013 3305 21
1033 3251 1154 3307 femineo

143 3321 217 3377 0.Η.
260 3326 294 3375 22
314 3319 382 3374 licet
395 3318 500 3375 intrare
515 3320 544 3376 0.
571 3320 679 3376 scilicet
695 3321 837 3376 intercedo
852 3320 917 3377 caV.
945 3320 1054 3376 scilicet
1068 3322 1154 3376 intra·

141 3391 184 3445 bis
203 3392 242 3447 H.
272 3391 444 3460 Secutusque
462 3409 507 3446 me
527 3408 590 3445 oum
610 3390 638 3446 0.
665 3392 829 3447 Astantibus
849 3393 888 3446 H.
943 3399 977 3447 23
997 3409 1059 3447 cum
1079 3408 1152 3446 conr-

141 3461 342 3517 militstcribus
361 3463 403 3520 M.
437 3479 500 3518 cum
519 3461 718 3518 militatoribus
736 3461 813 3519 HG.
821 3463 856 3518 B.
864 3463 895 3517 V.
929 3480 992 3516 oum
1016 3462 1152 3517 commili-

141 3532 254 3589 tonibus
271 3533 342 3588 mais
363 3533 391 3590 0.
496 3539 530 3590 25
549 3533 676 3590 homines
695 3535 728 3590 L.
758 3532 917 3589 hominibus
938 3534 971 3588 G.
1001 3533 1084 3587 Parui
1102 3547 1153 3601 per

940 3619 993 3674 14*
