<?xml version="1.0" encoding="UTF-8"?>
<!DOCTYPE html PUBLIC "-//W3C//DTD XHTML 1.0 Transitional//EN"
    "http://www.w3.org/TR/xhtml1/DTD/xhtml1-transitional.dtd">
<html xmlns="http://www.w3.org/1999/xhtml" xml:lang="en" lang="en">
 <head>
  <title>
</title>
<meta http-equiv="Content-Type" content="text/html;charset=utf-8" />
  <meta name='ocr-system' content='tesseract 3.04.00' />
  <meta name='ocr-capabilities' content='ocr_page ocr_carea ocr_par ocr_line ocrx_word'/>
</head>
<body>
  <div class='ocr_page' id='page_1' title='image "./iulivalerialexa00kbgoog_0164.png"; bbox 0 0 2648 3924; ppageno 0'>
   <div class='ocr_carea' id='block_1_1' title="bbox 458 145 1148 260">
    <p class='ocr_par' dir='ltr' id='par_1_1' title="bbox 458 145 1148 260">
     <span class='ocr_line' id='line_1_1' title="bbox 458 145 1148 260; baseline 0.014 -10"><span class='ocrx_word' id='word_1_1' title='bbox 458 193 588 250; x_wconf 83' lang='lat' dir='ltr'>OBITUS</span> <span class='ocrx_word' id='word_1_2' title='bbox 608 193 831 256; x_wconf 76' lang='lat' dir='ltr'>ALEXANDRI·</span> <span class='ocrx_word' id='word_1_3' title='bbox 863 145 864 150; x_wconf 49' lang='lat'>¹</span> <span class='ocrx_word' id='word_1_4' title='bbox 1086 195 1148 260; x_wconf 80' lang='lat'>127</span> 
     </span>
    </p>
   </div>
   <div class='ocr_carea' id='block_1_2' title="bbox 125 357 1212 3008">
    <p class='ocr_par' dir='ltr' id='par_1_2' title="bbox 135 357 1149 531">
     <span class='ocr_line' id='line_1_2' title="bbox 136 357 1149 443; baseline 0.002 -21"><span class='ocrx_word' id='word_1_5' title='bbox 136 357 285 423; x_wconf 79' lang='lat' dir='ltr'>Persicae</span> <span class='ocrx_word' id='word_1_6' title='bbox 315 357 465 443; x_wconf 79' lang='lat' dir='ltr'>regiones</span> <span class='ocrx_word' id='word_1_7' title='bbox 495 357 607 422; x_wconf 90' lang='lat' dir='ltr'>multis</span> <span class='ocrx_word' id='word_1_8' title='bbox 639 357 811 423; x_wconf 81' lang='lat' dir='ltr'>admodum</span> <span class='ocrx_word' id='word_1_9' title='bbox 842 360 875 422; x_wconf 90' lang='lat' dir='ltr'>et</span> <span class='ocrx_word' id='word_1_10' title='bbox 903 357 1149 424; x_wconf 87' lang='lat' dir='ltr'>vehementibus</span> 
     </span>
     <span class='ocr_line' id='line_1_3' title="bbox 135 445 739 531; baseline -0.002 -21"><span class='ocrx_word' id='word_1_11' title='bbox 135 446 283 511; x_wconf 88' lang='lat' dir='ltr'>infestari</span> <span class='ocrx_word' id='word_1_12' title='bbox 307 445 510 531; x_wconf 75' lang='lat' dir='ltr'>serpentibus</span> <span class='ocrx_word' id='word_1_13' title='bbox 533 446 739 512; x_wconf 77' lang='lat' dir='ltr'>dicerentur..</span> 
     </span>
    </p>

    <p class='ocr_par' dir='ltr' id='par_1_3' title="bbox 125 532 1212 3008">
     <span class='ocr_line' id='line_1_4' title="bbox 229 532 1212 620; baseline -0.002 -21"><span class='ocrx_word' id='word_1_14' title='bbox 229 532 285 601; x_wconf 85' lang='lat'>18.</span> <span class='ocrx_word' id='word_1_15' title='bbox 308 534 410 620; x_wconf 90' lang='lat' dir='ltr'>quue</span> <span class='ocrx_word' id='word_1_16' title='bbox 429 536 493 599; x_wconf 88' lang='lat' dir='ltr'>iter</span> <span class='ocrx_word' id='word_1_17' title='bbox 511 534 708 600; x_wconf 85' lang='lat' dir='ltr'>continuatis</span> <span class='ocrx_word' id='word_1_18' title='bbox 727 534 840 600; x_wconf 90' lang='lat' dir='ltr'>diebus</span> <span class='ocrx_word' id='word_1_19' title='bbox 859 534 959 599; x_wconf 88' lang='lat' dir='ltr'>ferme</span> <span class='ocrx_word' id='word_1_20' title='bbox 979 535 1146 605; x_wconf 82' lang='lat' dir='ltr'>duodecim</span> <span class='ocrx_word' id='word_1_21' title='bbox 1164 545 1212 598; x_wconf 78' lang='lat'>29.</span> 
     </span>
     <span class='ocr_line' id='line_1_5' title="bbox 137 623 1149 709; baseline -0.001 -20"><span class='ocrx_word' id='word_1_22' title='bbox 137 623 377 689; x_wconf 79' lang='lat' dir='ltr'>exanclavimus</span> <span class='ocrx_word' id='word_1_23' title='bbox 413 627 509 709; x_wconf 87' lang='lat' dir='ltr'>atque</span> <span class='ocrx_word' id='word_1_24' title='bbox 536 623 584 688; x_wconf 87' lang='lat' dir='ltr'>ita</span> <span class='ocrx_word' id='word_1_25' title='bbox 614 623 741 692; x_wconf 87' lang='lat' dir='ltr'>demum</span> <span class='ocrx_word' id='word_1_26' title='bbox 776 623 817 688; x_wconf 96' lang='lat' dir='ltr'>ad</span> <span class='ocrx_word' id='word_1_27' title='bbox 849 624 1005 708; x_wconf 90' lang='lat' dir='ltr'>oppidum</span> <span class='ocrx_word' id='word_1_28' title='bbox 1033 625 1149 694; x_wconf 78' lang='lat' dir='ltr'>adven-</span> 
     </span>
     <span class='ocr_line' id='line_1_6' title="bbox 135 711 1181 797; baseline -0.003 -20"><span class='ocrx_word' id='word_1_29' title='bbox 135 716 244 777; x_wconf 90' lang='lat' dir='ltr'>tamus</span> <span class='ocrx_word' id='word_1_30' title='bbox 268 711 368 776; x_wconf 91' lang='lat' dir='ltr'>situm</span> <span class='ocrx_word' id='word_1_31' title='bbox 395 712 431 775; x_wconf 92' lang='lat' dir='ltr'>in</span> <span class='ocrx_word' id='word_1_32' title='bbox 453 711 560 776; x_wconf 87' lang='lat' dir='ltr'>insula</span> <span class='ocrx_word' id='word_1_33' title='bbox 583 711 760 777; x_wconf 89' lang='lat' dir='ltr'>circumflui</span> <span class='ocrx_word' id='word_1_34' title='bbox 782 711 939 797; x_wconf 83' lang='lat' dir='ltr'>fluminis3</span> <span class='ocrx_word' id='word_1_35' title='bbox 966 712 1078 797; x_wconf 89' lang='lat' dir='ltr'>ibique</span> <span class='ocrx_word' id='word_1_36' title='bbox 1102 714 1181 780; x_wconf 75' lang='lat' dir='ltr'>ri-rs</span> 
     </span>
     <span class='ocr_line' id='line_1_7' title="bbox 136 801 1150 886; baseline 0.001 -21"><span class='ocrx_word' id='word_1_37' title='bbox 136 801 219 865; x_wconf 90' lang='lat' dir='ltr'>situr</span> <span class='ocrx_word' id='word_1_38' title='bbox 241 802 385 865; x_wconf 89' lang='lat' dir='ltr'>castrum</span> <span class='ocrx_word' id='word_1_39' title='bbox 408 801 572 865; x_wconf 88' lang='lat' dir='ltr'>consitum</span> <span class='ocrx_word' id='word_1_40' title='bbox 590 801 731 884; x_wconf 87' lang='lat' dir='ltr'>undique</span> <span class='ocrx_word' id='word_1_41' title='bbox 755 801 977 885; x_wconf 77' lang='lat' dir='ltr'>arundinibus,</span> <span class='ocrx_word' id='word_1_42' title='bbox 1001 823 1084 886; x_wconf 87' lang='lat' dir='ltr'>quae</span> <span class='ocrx_word' id='word_1_43' title='bbox 1107 803 1150 873; x_wconf 89' lang='lat' dir='ltr'>ad</span> 
     </span>
     <span class='ocr_line' id='line_1_8' title="bbox 125 888 1148 976; baseline -0.001 -20"><span class='ocrx_word' id='word_1_44' title='bbox 125 888 274 976; x_wconf 82' lang='lat' dir='ltr'>¹triginta</span> <span class='ocrx_word' id='word_1_45' title='bbox 298 889 481 955; x_wconf 89' lang='lat' dir='ltr'>cubitorum</span> <span class='ocrx_word' id='word_1_46' title='bbox 506 888 612 972; x_wconf 90' lang='lat' dir='ltr'>spatia</span> <span class='ocrx_word' id='word_1_47' title='bbox 636 893 921 972; x_wconf 87' lang='lat' dir='ltr'>supercrescerent.</span> <span class='ocrx_word' id='word_1_48' title='bbox 958 888 1148 955; x_wconf 73' lang='lat' dir='ltr'>Crassitudo</span> 
     </span>
     <span class='ocr_line' id='line_1_9' title="bbox 133 978 1148 1061; baseline 0.002 -19"><span class='ocrx_word' id='word_1_49' title='bbox 133 998 211 1042; x_wconf 82' lang='lat' dir='ltr'>vero</span> <span class='ocrx_word' id='word_1_50' title='bbox 231 998 342 1042; x_wconf 88' lang='lat' dir='ltr'>earum</span> <span class='ocrx_word' id='word_1_51' title='bbox 361 999 460 1061; x_wconf 90' lang='lat' dir='ltr'>supra</span> <span class='ocrx_word' id='word_1_52' title='bbox 478 998 560 1060; x_wconf 86' lang='lat' dir='ltr'>eam,</span> <span class='ocrx_word' id='word_1_53' title='bbox 584 982 706 1061; x_wconf 84' lang='lat' dir='ltr'>quanta</span> <span class='ocrx_word' id='word_1_54' title='bbox 729 981 780 1043; x_wconf 87' lang='lat' dir='ltr'>est</span> <span class='ocrx_word' id='word_1_55' title='bbox 796 978 938 1043; x_wconf 90' lang='lat' dir='ltr'>hominis</span> <span class='ocrx_word' id='word_1_56' title='bbox 958 979 1148 1045; x_wconf 77' lang='lat' dir='ltr'>crassitudo.</span> 
     </span>
     <span class='ocr_line' id='line_1_10' title="bbox 133 1065 1147 1152; baseline 0.001 -20"><span class='ocrx_word' id='word_1_57' title='bbox 133 1065 277 1150; x_wconf 84' lang='lat' dir='ltr'>Navigia</span> <span class='ocrx_word' id='word_1_58' title='bbox 300 1087 427 1150; x_wconf 90' lang='lat' dir='ltr'>quoque</span> <span class='ocrx_word' id='word_1_59' title='bbox 450 1065 591 1150; x_wconf 90' lang='lat' dir='ltr'>plurima</span> <span class='ocrx_word' id='word_1_60' title='bbox 614 1066 702 1130; x_wconf 87' lang='lat' dir='ltr'>amni</span> <span class='ocrx_word' id='word_1_61' title='bbox 724 1065 867 1148; x_wconf 87' lang='lat' dir='ltr'>inerant,</span> <span class='ocrx_word' id='word_1_62' title='bbox 892 1088 973 1152; x_wconf 86' lang='lat' dir='ltr'>quae</span> <span class='ocrx_word' id='word_1_63' title='bbox 997 1088 1072 1132; x_wconf 87' lang='lat' dir='ltr'>mox</span> <span class='ocrx_word' id='word_1_64' title='bbox 1095 1089 1147 1133; x_wconf 93' lang='lat' dir='ltr'>cu·</span> 
     </span>
     <span class='ocr_line' id='line_1_11' title="bbox 133 1153 1188 1238; baseline 0.002 -20"><span class='ocrx_word' id='word_1_65' title='bbox 133 1154 252 1219; x_wconf 91' lang='lat' dir='ltr'>riosius</span> <span class='ocrx_word' id='word_1_66' title='bbox 282 1153 484 1218; x_wconf 88' lang='lat' dir='ltr'>intuentibus</span> <span class='ocrx_word' id='word_1_67' title='bbox 515 1157 623 1238; x_wconf 87' lang='lat' dir='ltr'>partes</span> <span class='ocrx_word' id='word_1_68' title='bbox 654 1155 812 1238; x_wconf 88' lang='lat' dir='ltr'>quaedam</span> <span class='ocrx_word' id='word_1_69' title='bbox 838 1154 991 1220; x_wconf 89' lang='lat' dir='ltr'>fissarum</span> <span class='ocrx_word' id='word_1_70' title='bbox 1020 1155 1148 1220; x_wconf 90' lang='lat' dir='ltr'>arundi·</span> <span class='ocrx_word' id='word_1_71' title='bbox 1162 1174 1188 1215; x_wconf 89' lang='lat'>10</span> 
     </span>
     <span class='ocr_line' id='line_1_12' title="bbox 132 1242 1148 1328; baseline 0.002 -22"><span class='ocrx_word' id='word_1_72' title='bbox 132 1264 210 1307; x_wconf 91' lang='lat' dir='ltr'>num</span> <span class='ocrx_word' id='word_1_73' title='bbox 243 1242 470 1309; x_wconf 89' lang='lat' dir='ltr'>noscebantur.</span> <span class='ocrx_word' id='word_1_74' title='bbox 519 1242 618 1307; x_wconf 82' lang='lat' dir='ltr'>Enim</span> <span class='ocrx_word' id='word_1_75' title='bbox 650 1242 747 1308; x_wconf 91' lang='lat' dir='ltr'>huius</span> <span class='ocrx_word' id='word_1_76' title='bbox 784 1243 928 1308; x_wconf 88' lang='lat' dir='ltr'>fluminis</span> <span class='ocrx_word' id='word_1_77' title='bbox 965 1243 1072 1328; x_wconf 89' lang='lat' dir='ltr'>liquor</span> <span class='ocrx_word' id='word_1_78' title='bbox 1107 1243 1148 1310; x_wconf 89' lang='lat' dir='ltr'>ad</span> 
     </span>
     <span class='ocr_line' id='line_1_13' title="bbox 133 1330 1148 1415; baseline 0.002 -19"><span class='ocrx_word' id='word_1_79' title='bbox 133 1335 247 1415; x_wconf 86' lang='lat' dir='ltr'>potum</span> <span class='ocrx_word' id='word_1_80' title='bbox 272 1330 414 1396; x_wconf 90' lang='lat' dir='ltr'>hominis</span> <span class='ocrx_word' id='word_1_81' title='bbox 442 1331 596 1397; x_wconf 84' lang='lat' dir='ltr'>adversus</span> <span class='ocrx_word' id='word_1_82' title='bbox 625 1332 840 1396; x_wconf 86' lang='lat' dir='ltr'>amaritudine</span> <span class='ocrx_word' id='word_1_83' title='bbox 867 1332 970 1396; x_wconf 87' lang='lat' dir='ltr'>nimia</span> <span class='ocrx_word' id='word_1_84' title='bbox 997 1336 1047 1397; x_wconf 88' lang='lat' dir='ltr'>est</span> <span class='ocrx_word' id='word_1_85' title='bbox 1075 1354 1148 1398; x_wconf 89' lang='lat' dir='ltr'>cum</span> 
     </span>
     <span class='ocr_line' id='line_1_14' title="bbox 134 1419 1148 1504; baseline 0.002 -20"><span class='ocrx_word' id='word_1_86' title='bbox 134 1419 290 1486; x_wconf 87' lang='lat' dir='ltr'>salsitate.</span> <span class='ocrx_word' id='word_1_87' title='bbox 338 1419 575 1496; x_wconf 78' lang='lat' dir='ltr'>Quaerentibus</span> <span class='ocrx_word' id='word_1_88' title='bbox 603 1419 720 1504; x_wconf 88' lang='lat' dir='ltr'>igitur,</span> <span class='ocrx_word' id='word_1_89' title='bbox 753 1442 851 1504; x_wconf 91' lang='lat' dir='ltr'>quam</span> <span class='ocrx_word' id='word_1_90' title='bbox 877 1422 1081 1504; x_wconf 87' lang='lat' dir='ltr'>poteramus,</span> <span class='ocrx_word' id='word_1_91' title='bbox 1109 1442 1148 1486; x_wconf 84' lang='lat' dir='ltr'>ex</span> 
     </span>
     <span class='ocr_line' id='line_1_15' title="bbox 133 1508 1147 1574; baseline 0.002 -2"><span class='ocrx_word' id='word_1_92' title='bbox 133 1508 254 1574; x_wconf 89' lang='lat' dir='ltr'>adcolis</span> <span class='ocrx_word' id='word_1_93' title='bbox 278 1529 373 1573; x_wconf 89' lang='lat' dir='ltr'>usum</span> <span class='ocrx_word' id='word_1_94' title='bbox 393 1509 545 1574; x_wconf 87' lang='lat' dir='ltr'>clementi</span> <span class='ocrx_word' id='word_1_95' title='bbox 559 1509 731 1574; x_wconf 89' lang='lat' dir='ltr'>memorati</span> <span class='ocrx_word' id='word_1_96' title='bbox 751 1508 838 1573; x_wconf 89' lang='lat' dir='ltr'>aliud</span> <span class='ocrx_word' id='word_1_97' title='bbox 857 1511 1000 1573; x_wconf 88' lang='lat' dir='ltr'>castrum</span> <span class='ocrx_word' id='word_1_98' title='bbox 1023 1509 1147 1574; x_wconf 88' lang='lat' dir='ltr'>eminus</span> 
     </span>
     <span class='ocr_line' id='line_1_16' title="bbox 133 1596 1188 1682; baseline -0.003 -21"><span class='ocrx_word' id='word_1_99' title='bbox 133 1596 371 1662; x_wconf 88' lang='lat' dir='ltr'>demonstratur</span> <span class='ocrx_word' id='word_1_100' title='bbox 389 1597 430 1662; x_wconf 92' lang='lat' dir='ltr'>ab</span> <span class='ocrx_word' id='word_1_101' title='bbox 450 1597 564 1661; x_wconf 87' lang='lat' dir='ltr'>stadiis</span> <span class='ocrx_word' id='word_1_102' title='bbox 584 1598 684 1662; x_wconf 84' lang='lat' dir='ltr'>ferme</span> <span class='ocrx_word' id='word_1_103' title='bbox 703 1600 857 1682; x_wconf 88' lang='lat' dir='ltr'>quattuor</span> <span class='ocrx_word' id='word_1_104' title='bbox 875 1597 1018 1662; x_wconf 89' lang='lat' dir='ltr'>indidem</span> <span class='ocrx_word' id='word_1_105' title='bbox 1033 1597 1145 1682; x_wconf 82' lang='lat' dir='ltr'>situm3</span> <span class='ocrx_word' id='word_1_106' title='bbox 1162 1615 1188 1658; x_wconf 81' lang='lat' dir='ltr'>re</span> 
     </span>
     <span class='ocr_line' id='line_1_17' title="bbox 133 1684 1147 1770; baseline 0.001 -21"><span class='ocrx_word' id='word_1_107' title='bbox 133 1685 175 1749; x_wconf 84' lang='lat' dir='ltr'>ad</span> <span class='ocrx_word' id='word_1_108' title='bbox 197 1685 283 1770; x_wconf 88' lang='lat' dir='ltr'>quod</span> <span class='ocrx_word' id='word_1_109' title='bbox 311 1707 385 1751; x_wconf 89' lang='lat' dir='ltr'>cum</span> <span class='ocrx_word' id='word_1_110' title='bbox 413 1685 566 1750; x_wconf 88' lang='lat' dir='ltr'>audacius</span> <span class='ocrx_word' id='word_1_111' title='bbox 595 1684 725 1770; x_wconf 88' lang='lat' dir='ltr'>quidam</span> <span class='ocrx_word' id='word_1_112' title='bbox 750 1685 950 1770; x_wconf 87' lang='lat' dir='ltr'>exploraturi</span> <span class='ocrx_word' id='word_1_113' title='bbox 977 1707 1147 1770; x_wconf 86' lang='lat' dir='ltr'>properas·</span> 
     </span>
     <span class='ocr_line' id='line_1_18' title="bbox 134 1773 1146 1859; baseline 0 -21"><span class='ocrx_word' id='word_1_114' title='bbox 134 1777 217 1857; x_wconf 89' lang='lat' dir='ltr'>sent,</span> <span class='ocrx_word' id='word_1_115' title='bbox 239 1773 360 1838; x_wconf 89' lang='lat' dir='ltr'>flumen</span> <span class='ocrx_word' id='word_1_116' title='bbox 383 1773 513 1859; x_wconf 90' lang='lat' dir='ltr'>quidem</span> <span class='ocrx_word' id='word_1_117' title='bbox 532 1774 674 1839; x_wconf 86' lang='lat' dir='ltr'>adfluum</span> <span class='ocrx_word' id='word_1_118' title='bbox 694 1774 818 1859; x_wconf 88' lang='lat' dir='ltr'>vident;</span> <span class='ocrx_word' id='word_1_119' title='bbox 846 1774 902 1839; x_wconf 91' lang='lat' dir='ltr'>sed</span> <span class='ocrx_word' id='word_1_120' title='bbox 926 1774 1043 1839; x_wconf 86' lang='lat' dir='ltr'>emersi</span> <span class='ocrx_word' id='word_1_121' title='bbox 1066 1773 1146 1839; x_wconf 90' lang='lat' dir='ltr'>indi-</span> 
     </span>
     <span class='ocr_line' id='line_1_19' title="bbox 133 1861 1147 1947; baseline 0.002 -22"><span class='ocrx_word' id='word_1_122' title='bbox 133 1862 205 1926; x_wconf 89' lang='lat' dir='ltr'>dem</span> <span class='ocrx_word' id='word_1_123' title='bbox 237 1861 465 1947; x_wconf 89' lang='lat' dir='ltr'>hippopotami</span> <span class='ocrx_word' id='word_1_124' title='bbox 507 1862 730 1947; x_wconf 86' lang='lat' dir='ltr'>magnitudine</span> <span class='ocrx_word' id='word_1_125' title='bbox 767 1863 894 1928; x_wconf 85' lang='lat' dir='ltr'>nescias</span> <span class='ocrx_word' id='word_1_126' title='bbox 937 1883 978 1927; x_wconf 89' lang='lat' dir='ltr'>an</span> <span class='ocrx_word' id='word_1_127' title='bbox 1011 1863 1147 1928; x_wconf 82' lang='lat' dir='ltr'>saevitia</span> 
     </span>
     <span class='ocr_line' id='line_1_20' title="bbox 131 1950 1147 2034; baseline 0.001 -20"><span class='ocrx_word' id='word_1_128' title='bbox 131 1950 340 2015; x_wconf 89' lang='lat' dir='ltr'>immaniores</span> <span class='ocrx_word' id='word_1_129' title='bbox 368 1954 512 2034; x_wconf 87' lang='lat' dir='ltr'>nostros,</span> <span class='ocrx_word' id='word_1_130' title='bbox 541 1951 596 2034; x_wconf 91' lang='lat' dir='ltr'>qui</span> <span class='ocrx_word' id='word_1_131' title='bbox 624 1951 826 2034; x_wconf 88' lang='lat' dir='ltr'>exploratum</span> <span class='ocrx_word' id='word_1_132' title='bbox 852 1951 1015 2032; x_wconf 87' lang='lat' dir='ltr'>abierant,</span> <span class='ocrx_word' id='word_1_133' title='bbox 1043 1951 1147 2016; x_wconf 91' lang='lat' dir='ltr'>incur-</span> 
     </span>
     <span class='ocr_line' id='line_1_21' title="bbox 132 2037 1188 2124; baseline -0.002 -22"><span class='ocrx_word' id='word_1_134' title='bbox 132 2060 254 2104; x_wconf 87' lang='lat' dir='ltr'>savere.</span> <span class='ocrx_word' id='word_1_135' title='bbox 310 2037 359 2104; x_wconf 84' lang='lat' dir='ltr'>Ac</span> <span class='ocrx_word' id='word_1_136' title='bbox 391 2061 503 2104; x_wconf 89' lang='lat' dir='ltr'>rursus</span> <span class='ocrx_word' id='word_1_137' title='bbox 541 2039 581 2103; x_wconf 89' lang='lat' dir='ltr'>ad</span> <span class='ocrx_word' id='word_1_138' title='bbox 619 2039 715 2104; x_wconf 88' lang='lat' dir='ltr'>aliam</span> <span class='ocrx_word' id='word_1_139' title='bbox 747 2044 875 2124; x_wconf 87' lang='lat' dir='ltr'>partam</span> <span class='ocrx_word' id='word_1_140' title='bbox 908 2039 1019 2104; x_wconf 89' lang='lat' dir='ltr'>eadem</span> <span class='ocrx_word' id='word_1_141' title='bbox 1050 2039 1145 2105; x_wconf 91' lang='lat' dir='ltr'>nobis</span> <span class='ocrx_word' id='word_1_142' title='bbox 1160 2059 1188 2100; x_wconf 83' lang='lat' dir='ltr'>ao</span> 
     </span>
     <span class='ocr_line' id='line_1_22' title="bbox 132 2127 1147 2213; baseline 0 -21"><span class='ocrx_word' id='word_1_143' title='bbox 132 2127 319 2192; x_wconf 87' lang='lat' dir='ltr'>curiositate</span> <span class='ocrx_word' id='word_1_144' title='bbox 353 2127 548 2193; x_wconf 87' lang='lat' dir='ltr'>rimantibus</span> <span class='ocrx_word' id='word_1_145' title='bbox 593 2148 710 2213; x_wconf 86' lang='lat' dir='ltr'>agmen</span> <span class='ocrx_word' id='word_1_146' title='bbox 754 2128 927 2192; x_wconf 87' lang='lat' dir='ltr'>earundem</span> <span class='ocrx_word' id='word_1_147' title='bbox 966 2127 1147 2192; x_wconf 88' lang='lat' dir='ltr'>bestiarum</span> 
     </span>
     <span class='ocr_line' id='line_1_23' title="bbox 131 2214 1210 2300; baseline -0.002 -21"><span class='ocrx_word' id='word_1_148' title='bbox 131 2216 228 2300; x_wconf 87' lang='lat' dir='ltr'>longe</span> <span class='ocrx_word' id='word_1_149' title='bbox 264 2216 469 2282; x_wconf 89' lang='lat' dir='ltr'>numerosius</span> <span class='ocrx_word' id='word_1_150' title='bbox 506 2215 707 2281; x_wconf 88' lang='lat' dir='ltr'>occursabat.</span> <span class='ocrx_word' id='word_1_151' title='bbox 762 2214 868 2292; x_wconf 75' lang='lat' dir='ltr'>Quare</span> <span class='ocrx_word' id='word_1_152' title='bbox 906 2216 995 2280; x_wconf 89' lang='lat' dir='ltr'>omni</span> <span class='ocrx_word' id='word_1_153' title='bbox 1029 2235 1145 2300; x_wconf 87' lang='lat' dir='ltr'>genere</span> <span class='ocrx_word' id='word_1_154' title='bbox 1164 2225 1210 2277; x_wconf 88' lang='lat'>30.</span> 
     </span>
     <span class='ocr_line' id='line_1_24' title="bbox 131 2302 1145 2390; baseline 0.002 -24"><span class='ocrx_word' id='word_1_155' title='bbox 131 2303 285 2390; x_wconf 86' lang='lat' dir='ltr'>fugienda</span> <span class='ocrx_word' id='word_1_156' title='bbox 307 2304 381 2368; x_wconf 89' lang='lat' dir='ltr'>loca</span> <span class='ocrx_word' id='word_1_157' title='bbox 404 2305 654 2388; x_wconf 84' lang='lat' dir='ltr'>evitandumque</span> <span class='ocrx_word' id='word_1_158' title='bbox 677 2304 856 2387; x_wconf 89' lang='lat' dir='ltr'>periculum</span> <span class='ocrx_word' id='word_1_159' title='bbox 875 2302 987 2368; x_wconf 86' lang='lat' dir='ltr'>videns</span> <span class='ocrx_word' id='word_1_160' title='bbox 1010 2302 1145 2368; x_wconf 88' lang='lat' dir='ltr'>classico</span> 
     </span>
     <span class='ocr_line' id='line_1_25' title="bbox 133 2391 1146 2478; baseline -0.001 -22"><span class='ocrx_word' id='word_1_161' title='bbox 133 2392 262 2477; x_wconf 91' lang='lat' dir='ltr'>signum</span> <span class='ocrx_word' id='word_1_162' title='bbox 296 2393 437 2458; x_wconf 88' lang='lat' dir='ltr'>abiticni</span> <span class='ocrx_word' id='word_1_163' title='bbox 468 2393 648 2478; x_wconf 81' lang='lat' dir='ltr'>praecipio,</span> <span class='ocrx_word' id='word_1_164' title='bbox 686 2393 834 2476; x_wconf 84' lang='lat' dir='ltr'>quamvis</span> <span class='ocrx_word' id='word_1_165' title='bbox 866 2395 959 2457; x_wconf 88' lang='lat' dir='ltr'>tanta</span> <span class='ocrx_word' id='word_1_166' title='bbox 991 2391 1040 2455; x_wconf 90' lang='lat' dir='ltr'>vis</span> <span class='ocrx_word' id='word_1_167' title='bbox 1074 2391 1146 2456; x_wconf 86' lang='lat' dir='ltr'>sitis</span> 
     </span>
     <span class='ocr_line' id='line_1_26' title="bbox 132 2480 1186 2566; baseline -0.002 -22"><span class='ocrx_word' id='word_1_168' title='bbox 132 2481 264 2566; x_wconf 88' lang='lat' dir='ltr'>eiusque</span> <span class='ocrx_word' id='word_1_169' title='bbox 283 2481 433 2546; x_wconf 87' lang='lat' dir='ltr'>desiderii</span> <span class='ocrx_word' id='word_1_170' title='bbox 448 2481 598 2547; x_wconf 88' lang='lat' dir='ltr'>homines</span> <span class='ocrx_word' id='word_1_171' title='bbox 616 2481 811 2564; x_wconf 88' lang='lat' dir='ltr'>incessisset,</span> <span class='ocrx_word' id='word_1_172' title='bbox 830 2485 867 2546; x_wconf 88' lang='lat' dir='ltr'>ut</span> <span class='ocrx_word' id='word_1_173' title='bbox 879 2481 1025 2564; x_wconf 89' lang='lat' dir='ltr'>plerique</span> <span class='ocrx_word' id='word_1_174' title='bbox 1045 2480 1145 2544; x_wconf 89' lang='lat' dir='ltr'>etiam</span> <span class='ocrx_word' id='word_1_175' title='bbox 1159 2499 1186 2542; x_wconf 79' lang='lat' dir='ltr'>as</span> 
     </span>
     <span class='ocr_line' id='line_1_27' title="bbox 132 2569 1146 2652; baseline -0.001 -19"><span class='ocrx_word' id='word_1_176' title='bbox 132 2591 151 2632; x_wconf 89' lang='lat' dir='ltr'>a</span> <span class='ocrx_word' id='word_1_177' title='bbox 173 2573 255 2652; x_wconf 88' lang='lat' dir='ltr'>potu</span> <span class='ocrx_word' id='word_1_178' title='bbox 278 2570 391 2635; x_wconf 90' lang='lat' dir='ltr'>urinae</span> <span class='ocrx_word' id='word_1_179' title='bbox 421 2570 462 2635; x_wconf 91' lang='lat' dir='ltr'>ob</span> <span class='ocrx_word' id='word_1_180' title='bbox 486 2570 690 2634; x_wconf 87' lang='lat' dir='ltr'>necessitatis</span> <span class='ocrx_word' id='word_1_181' title='bbox 714 2569 953 2634; x_wconf 84' lang='lat' dir='ltr'>vehementiam</span> <span class='ocrx_word' id='word_1_182' title='bbox 975 2589 1042 2632; x_wconf 91' lang='lat' dir='ltr'>non</span> <span class='ocrx_word' id='word_1_183' title='bbox 1065 2571 1146 2632; x_wconf 91' lang='lat' dir='ltr'>tem·</span> 
     </span>
     <span class='ocr_line' id='line_1_28' title="bbox 130 2657 1146 2743; baseline 0 -23"><span class='ocrx_word' id='word_1_184' title='bbox 130 2662 291 2741; x_wconf 86' lang='lat' dir='ltr'>pararent.</span> <span class='ocrx_word' id='word_1_185' title='bbox 345 2657 452 2743; x_wconf 80' lang='lat' dir='ltr'>Igitur</span> <span class='ocrx_word' id='word_1_186' title='bbox 482 2657 566 2723; x_wconf 84' lang='lat' dir='ltr'>forte</span> <span class='ocrx_word' id='word_1_187' title='bbox 598 2657 730 2722; x_wconf 88' lang='lat' dir='ltr'>fortuna</span> <span class='ocrx_word' id='word_1_188' title='bbox 762 2678 836 2722; x_wconf 91' lang='lat' dir='ltr'>eum</span> <span class='ocrx_word' id='word_1_189' title='bbox 873 2658 959 2725; x_wconf 86' lang='lat' dir='ltr'>exim</span> <span class='ocrx_word' id='word_1_190' title='bbox 992 2661 1146 2740; x_wconf 84' lang='lat' dir='ltr'>stagnum</span> 
     </span>
     <span class='ocr_line' id='line_1_29' title="bbox 131 2745 1145 2832; baseline 0.002 -22"><span class='ocrx_word' id='word_1_191' title='bbox 131 2745 293 2829; x_wconf 87' lang='lat' dir='ltr'>quoddam</span> <span class='ocrx_word' id='word_1_192' title='bbox 321 2747 445 2830; x_wconf 88' lang='lat' dir='ltr'>dapsile</span> <span class='ocrx_word' id='word_1_193' title='bbox 478 2746 734 2830; x_wconf 88' lang='lat' dir='ltr'>repperissemus</span> <span class='ocrx_word' id='word_1_194' title='bbox 767 2746 929 2832; x_wconf 89' lang='lat' dir='ltr'>potitique</span> <span class='ocrx_word' id='word_1_195' title='bbox 962 2745 1145 2812; x_wconf 88' lang='lat' dir='ltr'>desiderato</span> 
     </span>
     <span class='ocr_line' id='line_1_30' title="bbox 131 2835 1146 2920; baseline 0.001 -22"><span class='ocrx_word' id='word_1_196' title='bbox 131 2855 168 2898; x_wconf 89' lang='lat' dir='ltr'>ae</span> <span class='ocrx_word' id='word_1_197' title='bbox 191 2835 343 2919; x_wconf 84' lang='lat' dir='ltr'>persuavi</span> <span class='ocrx_word' id='word_1_198' title='bbox 367 2839 446 2919; x_wconf 91' lang='lat' dir='ltr'>potu</span> <span class='ocrx_word' id='word_1_199' title='bbox 464 2856 523 2917; x_wconf 79' lang='lat' dir='ltr'>per</span> <span class='ocrx_word' id='word_1_200' title='bbox 545 2839 640 2920; x_wconf 92' lang='lat' dir='ltr'>prata</span> <span class='ocrx_word' id='word_1_201' title='bbox 659 2835 800 2901; x_wconf 88' lang='lat' dir='ltr'>virentia</span> <span class='ocrx_word' id='word_1_202' title='bbox 819 2837 1044 2919; x_wconf 88' lang='lat' dir='ltr'>sterneremur‚</span> <span class='ocrx_word' id='word_1_203' title='bbox 1067 2835 1146 2900; x_wconf 88' lang='lat' dir='ltr'>emi-</span> 
     </span>
     <span class='ocr_line' id='line_1_31' title="bbox 129 2922 1186 3008; baseline -0.002 -22"><span class='ocrx_word' id='word_1_204' title='bbox 129 2943 191 2988; x_wconf 91' lang='lat' dir='ltr'>nus</span> <span class='ocrx_word' id='word_1_205' title='bbox 216 2923 310 2988; x_wconf 83' lang='lat' dir='ltr'>video</span> <span class='ocrx_word' id='word_1_206' title='bbox 338 2923 373 2987; x_wconf 91' lang='lat' dir='ltr'>in</span> <span class='ocrx_word' id='word_1_207' title='bbox 402 2924 541 3008; x_wconf 88' lang='lat' dir='ltr'>quadam</span> <span class='ocrx_word' id='word_1_208' title='bbox 567 2922 746 2989; x_wconf 86' lang='lat' dir='ltr'>adiacentis</span> <span class='ocrx_word' id='word_1_209' title='bbox 769 2925 885 2990; x_wconf 77' lang='lat' dir='ltr'>tumuli</span> <span class='ocrx_word' id='word_1_210' title='bbox 909 2923 1082 2990; x_wconf 84' lang='lat' dir='ltr'>eminentia</span> <span class='ocrx_word' id='word_1_211' title='bbox 1105 2924 1144 2988; x_wconf 90' lang='lat' dir='ltr'>ti·</span> <span class='ocrx_word' id='word_1_212' title='bbox 1159 2945 1186 2984; x_wconf 86' lang='lat' dir='ltr'>ao</span> 
     </span>
    </p>
   </div>
   <div class='ocr_carea' id='block_1_3' title="bbox 218 3131 1144 3202">
    <p class='ocr_par' dir='ltr' id='par_1_4' title="bbox 218 3131 1144 3202">
     <span class='ocr_line' id='line_1_32' title="bbox 218 3131 1144 3202; baseline 0.003 -16"><span class='ocrx_word' id='word_1_213' title='bbox 218 3131 268 3186; x_wconf 83' lang='grc'><strong>18.</strong></span> <span class='ocrx_word' id='word_1_214' title='bbox 287 3139 304 3187; x_wconf 77' lang='lat' dir='ltr'>o</span> <span class='ocrx_word' id='word_1_215' title='bbox 322 3132 443 3188; x_wconf 89' lang='lat' dir='ltr'>insulam</span> <span class='ocrx_word' id='word_1_216' title='bbox 461 3133 496 3189; x_wconf 97' lang='lat' dir='ltr'>A.</span> <span class='ocrx_word' id='word_1_217' title='bbox 536 3133 726 3202; x_wconf 71' lang='lat' dir='ltr'>datriginta</span> <span class='ocrx_word' id='word_1_218' title='bbox 743 3135 780 3188; x_wconf 92' lang='lat' dir='ltr'>A.</span> <span class='ocrx_word' id='word_1_219' title='bbox 819 3137 888 3188; x_wconf 87' lang='lat' dir='ltr'>8au</span> <span class='ocrx_word' id='word_1_220' title='bbox 907 3150 939 3188; x_wconf 88' lang='lat' dir='ltr'>ra</span> <span class='ocrx_word' id='word_1_221' title='bbox 956 3134 992 3189; x_wconf 92' lang='lat' dir='ltr'>A.</span> <span class='ocrx_word' id='word_1_222' title='bbox 1012 3149 1094 3202; x_wconf 89' lang='lat' dir='ltr'>super</span> <span class='ocrx_word' id='word_1_223' title='bbox 1112 3133 1144 3189; x_wconf 93' lang='grc' dir='ltr'>Ρ.</span> 
     </span>
    </p>
   </div>
   <div class='ocr_carea' id='block_1_4' title="bbox 17 3202 1143 3270">
    <p class='ocr_par' dir='ltr' id='par_1_5' title="bbox 17 3202 1143 3270">
     <span class='ocr_line' id='line_1_33' title="bbox 17 3202 1143 3270; baseline 0.006 -18"><span class='ocrx_word' id='word_1_224' title='bbox 17 3249 18 3252; x_wconf 76' lang='grc'>,</span> <span class='ocrx_word' id='word_1_225' title='bbox 131 3205 163 3256; x_wconf 92' lang='grc'>11</span> <span class='ocrx_word' id='word_1_226' title='bbox 182 3202 272 3256; x_wconf 88' lang='lat' dir='ltr'>nimia</span> <span class='ocrx_word' id='word_1_227' title='bbox 291 3206 335 3258; x_wconf 89' lang='lat' dir='ltr'>est</span> <span class='ocrx_word' id='word_1_228' title='bbox 354 3204 387 3257; x_wconf 93' lang='lat' dir='ltr'>P.</span> <span class='ocrx_word' id='word_1_229' title='bbox 411 3203 500 3258; x_wconf 88' lang='lat' dir='ltr'>nimia</span> <span class='ocrx_word' id='word_1_230' title='bbox 517 3203 554 3258; x_wconf 90' lang='lat' dir='ltr'>A.</span> <span class='ocrx_word' id='word_1_231' title='bbox 593 3209 625 3256; x_wconf 86' lang='lat'>13</span> <span class='ocrx_word' id='word_1_232' title='bbox 645 3220 729 3270; x_wconf 88' lang='lat' dir='ltr'>quam</span> <span class='ocrx_word' id='word_1_233' title='bbox 748 3203 783 3258; x_wconf 92' lang='lat' dir='ltr'>A.</span> <span class='ocrx_word' id='word_1_234' title='bbox 807 3220 863 3270; x_wconf 89' lang='lat' dir='ltr'>qua</span> <span class='ocrx_word' id='word_1_235' title='bbox 911 3245 917 3258; x_wconf 94' lang='lat'>.</span> <span class='ocrx_word' id='word_1_236' title='bbox 956 3209 989 3259; x_wconf 78' lang='lat'>15</span> <span class='ocrx_word' id='word_1_237' title='bbox 1008 3203 1094 3258; x_wconf 87' lang='lat' dir='ltr'>situm</span> <span class='ocrx_word' id='word_1_238' title='bbox 1108 3204 1143 3259; x_wconf 90' lang='lat' dir='ltr'>A.</span> 
     </span>
    </p>
   </div>
   <div class='ocr_carea' id='block_1_5' title="bbox 127 3272 1146 3614">
    <p class='ocr_par' dir='ltr' id='par_1_6' title="bbox 127 3272 1146 3614">
     <span class='ocr_line' id='line_1_34' title="bbox 129 3272 1145 3344; baseline 0.002 -18"><span class='ocrx_word' id='word_1_239' title='bbox 129 3273 270 3327; x_wconf 84' lang='lat' dir='ltr'>consitum</span> <span class='ocrx_word' id='word_1_240' title='bbox 288 3274 321 3330; x_wconf 89' lang='lat' dir='ltr'>P.</span> <span class='ocrx_word' id='word_1_241' title='bbox 361 3279 394 3328; x_wconf 86' lang='lat'>18</span> <span class='ocrx_word' id='word_1_242' title='bbox 412 3272 552 3344; x_wconf 87' lang='lat' dir='ltr'>inpotami</span> <span class='ocrx_word' id='word_1_243' title='bbox 570 3274 606 3327; x_wconf 90' lang='lat' dir='ltr'>A.</span> <span class='ocrx_word' id='word_1_244' title='bbox 632 3273 781 3342; x_wconf 81' lang='lat' dir='ltr'>hypotemi</span> <span class='ocrx_word' id='word_1_245' title='bbox 796 3273 829 3329; x_wconf 91' lang='lat' dir='ltr'>P.</span> <span class='ocrx_word' id='word_1_246' title='bbox 849 3289 919 3330; x_wconf 85' lang='lat' dir='ltr'>corr.</span> <span class='ocrx_word' id='word_1_247' title='bbox 935 3273 1006 3328; x_wconf 78' lang='lat' dir='ltr'>Mai.</span> <span class='ocrx_word' id='word_1_248' title='bbox 1036 3276 1145 3344; x_wconf 88' lang='lat' dir='ltr'>magni-</span> 
     </span>
     <span class='ocr_line' id='line_1_35' title="bbox 128 3341 1144 3401; baseline 0.004 -4"><span class='ocrx_word' id='word_1_249' title='bbox 128 3341 223 3397; x_wconf 86' lang='lat' dir='ltr'>tudini</span> <span class='ocrx_word' id='word_1_250' title='bbox 241 3345 276 3398; x_wconf 91' lang='lat' dir='ltr'>A.</span> <span class='ocrx_word' id='word_1_251' title='bbox 325 3350 358 3399; x_wconf 85' lang='grc'>19</span> <span class='ocrx_word' id='word_1_252' title='bbox 377 3344 548 3399; x_wconf 86' lang='lat' dir='ltr'>inmanioras</span> <span class='ocrx_word' id='word_1_253' title='bbox 559 3344 592 3398; x_wconf 91' lang='lat' dir='ltr'>P.</span> <span class='ocrx_word' id='word_1_254' title='bbox 611 3342 641 3397; x_wconf 88' lang='lat' dir='ltr'>in</span> <span class='ocrx_word' id='word_1_255' title='bbox 655 3342 775 3398; x_wconf 87' lang='lat' dir='ltr'>maiores</span> <span class='ocrx_word' id='word_1_256' title='bbox 785 3343 820 3400; x_wconf 92' lang='lat' dir='ltr'>A.</span> <span class='ocrx_word' id='word_1_257' title='bbox 865 3349 899 3398; x_wconf 91' lang='grc'>11</span> <span class='ocrx_word' id='word_1_258' title='bbox 919 3344 1144 3401; x_wconf 87' lang='lat' dir='ltr'>occursabantP.</span> 
     </span>
     <span class='ocr_line' id='line_1_36' title="bbox 129 3413 1145 3484; baseline 0.001 -16"><span class='ocrx_word' id='word_1_259' title='bbox 129 3419 163 3468; x_wconf 79' lang='grc'>13</span> <span class='ocrx_word' id='word_1_260' title='bbox 182 3415 247 3470; x_wconf 89' lang='lat' dir='ltr'>loca</span> <span class='ocrx_word' id='word_1_261' title='bbox 268 3415 303 3470; x_wconf 90' lang='lat' dir='ltr'>P.</span> <span class='ocrx_word' id='word_1_262' title='bbox 329 3416 392 3471; x_wconf 86' lang='lat' dir='ltr'>loco</span> <span class='ocrx_word' id='word_1_263' title='bbox 410 3415 446 3471; x_wconf 90' lang='lat' dir='ltr'>A.</span> <span class='ocrx_word' id='word_1_264' title='bbox 497 3421 531 3470; x_wconf 86' lang='grc'>19</span> <span class='ocrx_word' id='word_1_265' title='bbox 549 3429 600 3483; x_wconf 89' lang='lat' dir='ltr'>per</span> <span class='ocrx_word' id='word_1_266' title='bbox 618 3416 701 3484; x_wconf 85' lang='lat' dir='ltr'>prata</span> <span class='ocrx_word' id='word_1_267' title='bbox 719 3413 790 3470; x_wconf 80' lang='lat' dir='ltr'>Mai.</span> <span class='ocrx_word' id='word_1_268' title='bbox 814 3417 898 3484; x_wconf 86' lang='lat' dir='ltr'>prata</span> <span class='ocrx_word' id='word_1_269' title='bbox 915 3415 990 3472; x_wconf 92' lang='lat' dir='ltr'>A.P.</span> <span class='ocrx_word' id='word_1_270' title='bbox 1041 3421 1076 3470; x_wconf 84' lang='lat'>30</span> <span class='ocrx_word' id='word_1_271' title='bbox 1095 3415 1145 3470; x_wconf 89' lang='lat' dir='ltr'>ad-</span> 
     </span>
     <span class='ocr_line' id='line_1_37' title="bbox 128 3483 1146 3556; baseline 0.002 -18"><span class='ocrx_word' id='word_1_272' title='bbox 128 3483 248 3541; x_wconf 83' lang='lat' dir='ltr'>iacentis</span> <span class='ocrx_word' id='word_1_273' title='bbox 266 3487 369 3541; x_wconf 87' lang='lat' dir='ltr'>tumuli</span> <span class='ocrx_word' id='word_1_274' title='bbox 387 3485 541 3542; x_wconf 85' lang='lat' dir='ltr'>eminentis</span> <span class='ocrx_word' id='word_1_275' title='bbox 559 3487 666 3556; x_wconf 77' lang='lat' dir='ltr'>scripsi.</span> <span class='ocrx_word' id='word_1_276' title='bbox 695 3483 850 3540; x_wconf 87' lang='lat' dir='ltr'>adiacentis</span> <span class='ocrx_word' id='word_1_277' title='bbox 868 3485 1009 3542; x_wconf 84' lang='lat' dir='ltr'>tuineutia</span> <span class='ocrx_word' id='word_1_278' title='bbox 1027 3486 1064 3542; x_wconf 92' lang='lat' dir='ltr'>A.</span> <span class='ocrx_word' id='word_1_279' title='bbox 1096 3487 1146 3543; x_wconf 86' lang='lat' dir='ltr'>ad·</span> 
     </span>
     <span class='ocr_line' id='line_1_38' title="bbox 127 3555 1039 3614; baseline 0.003 -6"><span class='ocrx_word' id='word_1_280' title='bbox 127 3555 248 3612; x_wconf 86' lang='lat' dir='ltr'>iacentis</span> <span class='ocrx_word' id='word_1_281' title='bbox 265 3557 395 3612; x_wconf 85' lang='lat' dir='ltr'>uiuent-ia</span> <span class='ocrx_word' id='word_1_282' title='bbox 412 3557 445 3612; x_wconf 90' lang='lat' dir='ltr'>P.</span> <span class='ocrx_word' id='word_1_283' title='bbox 478 3557 619 3613; x_wconf 87' lang='lat' dir='ltr'>adiacenti</span> <span class='ocrx_word' id='word_1_284' title='bbox 638 3556 791 3612; x_wconf 89' lang='lat' dir='ltr'>eminentia</span> <span class='ocrx_word' id='word_1_285' title='bbox 809 3556 948 3614; x_wconf 70' lang='lat' dir='ltr'>Mafflr.</span> <span class='ocrx_word' id='word_1_286' title='bbox 1037 3605 1039 3611; x_wconf 82' lang='grc'>,</span> 
     </span>
    </p>
   </div>
   <div class='ocr_carea' id='block_1_6' title="bbox 0 0 1328 3924">
    <p class='ocr_par' dir='ltr' id='par_1_7' title="bbox 0 0 1328 3924">
     <span class='ocr_line' id='line_1_39' title="bbox 0 0 1328 3924; baseline 0 2"><span class='ocrx_word' id='word_1_287' title='bbox 0 0 1328 3924; x_wconf 95' lang='lat' dir='ltr'> </span> 
     </span>
    </p>
   </div>
  </div>
 </body>
</html>
