2650 3920
167 192 210 256 96
590 189 700 244 LIBER
717 191 750 248 ll.

168 354 393 438 Quaecumque
415 353 546 419 fuerant
568 375 607 418 ex
630 352 780 419 hostibus
802 351 1005 432 noscitanda,
1027 351 1098 437 ipse
1121 374 1181 436 per

167 464 220 507 me
242 464 397 528 praesens
420 443 521 507 oculis
544 439 749 526 deprehendi
789 439 903 525 Neque
930 442 959 505 si
985 440 1072 505 forst
1094 442 1179 525 peri·

168 531 277 597 culum
299 530 338 595 de
361 531 569 595 multitudine
592 531 798 615 ignavorum,
821 550 890 595 non
911 534 1062 614 prompte
1084 529 1179 595 vobis
1229 605 1232 610 ,

166 618 264 684 fidem
291 618 338 684 rei
366 623 551 702 compertae
574 618 736 683 dixissem.
782 616 866 683 Sunt
893 619 979 684 enim
1005 617 1065 683 illa
1091 619 1180 683 inex·

141 707 334 792 aplicabilia
346 707 490 772 hostium
506 709 606 791 milia,
623 707 679 772 sed
699 707 787 772 enim
805 728 898 792 seges
911 727 1045 790 prorsus
1058 705 1180 772 facilis·
1250 757 1254 764 .

167 817 229 880 que
253 796 390 861 materia
406 796 557 860 manibus
581 817 618 861 ac
636 795 811 860 virtutibus
829 795 947 860 vestris
970 795 1094 879 cedent,
1116 795 1180 860 nisi

167 886 219 949 cui
242 885 528 950 vestrumarduus
552 884 681 968 quidem
704 888 737 948 et
758 883 929 968 fugiendus
952 883 1006 948 hic
1027 883 1135 968 labor,
1160 905 1179 949 o

166 971 374 1058 Macedones,
396 973 556 1055 videatur,
585 972 612 1036 si
635 971 734 1036 vobis·
752 975 845 1036 tanta
868 973 912 1036 sit
934 971 1088 1036 caedendi
1112 995 1178 1038 ma·

167 1063 259 1144 teria,
283 1065 440 1145 quantam
457 1064 575 1125 renuat
597 1082 635 1125 ac
651 1064 779 1125 recuset
795 1060 939 1126 victricis
958 1061 1109 1126 dexterae
1132 1060 1180 1126 fa-

128 1171 155 1210 ro
168 1148 309 1233 tigati0.'
355 1149 407 1213 Ad
428 1149 510 1215 haec
532 1148 619 1213 dicta
646 1149 847 1233 gratantium
869 1170 965 1215 voces
994 1152 1028 1214 et
1054 1149 1181 1214 laetitia

168 1237 309 1303 militum
343 1237 543 1323 congruebat
576 1238 682 1302 omni.
700 1236 824 1302 scilicet
858 1237 1029 1304 alacritate
1059 1237 1181 1302 bellum

168 1325 232 1390 sibi
256 1325 508 1391 desiderantium
531 1326 860 1412 exspectantiumque.
879 1364 884 1370 -
1230 1342 1236 1350 '

258 1412 317 1482 28.
346 1414 486 1479 Aoiebus
508 1415 611 1500 igitur
633 1415 789 1480 ordinatis
811 1417 945 1499 propter
966 1415 1051 1478 latus
1073 1414 1180 1478 flumi-

167 1503 219 1567 nis
243 1501 411 1589 Strangae,
434 1504 571 1568 Darium
594 1504 694 1568 etiam
716 1503 829 1569 eodem
850 1501 1041 1568 Macedones
1065 1500 1181 1566 adven-

128 1611 155 1653 is
168 1595 239 1656 tare
262 1615 335 1658 cum
363 1592 452 1657 omni
480 1615 538 1658 suo
566 1593 695 1678 agmine
722 1593 788 1656 iam
815 1591 969 1675 intrepidi
997 1591 1181 1674 comebant,

170 1681 260 1745 omni
283 1681 407 1745 scilicet
428 1685 522 1765 parte
544 1684 714 1763 terrarum,
738 1701 802 1763 qua
821 1679 998 1745 visentium
1021 1680 1105 1746 oculi
1126 1702 1182 1744 ra·

169 1771 331 1853 gerentur,
349 1769 522 1852 phalangis
541 1769 610 1832 eius
629 1771 725 1850 atque
745 1766 914 1831 ordinibus
934 1767 1181 1834 confluentibus.

167 1855 267 1919 Enim
288 1877 361 1920 oum
378 1856 437 1919 illa
455 1854 615 1944 Strangac
635 1855 800 1919 mobilitas
823 1855 984 1928 naturalis
1004 1878 1115 1922 rursus
1139 1857 1181 1921 ad

169 1943 308 2027 glaciem
340 1943 546 2007 convenisset
577 1946 611 2006 et
642 1945 782 2007 stratum
821 1942 906 2006 alvei
937 1945 1182 2010 tenacissimum

129 2055 156 2095 so
168 2031 310 2096 fideliter
329 2031 429 2096 etiam
446 2030 692 2095 transeuntibus
710 2029 925 2114 polliceretur,
948 2030 1069 2097 Darius
1091 2035 1184 2117 prior

168 2120 255 2185 haud
270 2120 421 2185 dubitans
440 2120 588 2184 meiius
607 2119 734 2183 ordines
753 2139 828 2184 suos
842 2118 985 2202 perinde,
1003 2123 1041 2184 ut
1058 2120 1093 2184 in
1112 2121 1183 2188 acie
1206 2178 1208 2181 .

169 2210 390 2292 constiterant,
399 2207 583 2294 transgredi
592 2208 711 2272 flumen
719 2206 905 2272 intersitum
914 2208 1015 2273 iubet.
1028 2207 1182 2276 Emensis

168 2296 649 2472 lissdfnliltlrlttldrtli
665 2293 1182 2471 ‘ttt‘tttzdtttlttt

649 2436 658 2469 7

129 2499 156 2540 ss
171 2476 295 2542 eminus
315 2475 439 2542 cunctis
459 2475 520 2540 visi
539 2478 720 2560 consuerat,
743 2474 889 2540 demutat
907 2474 948 2540 ad
967 2496 1089 2560 currus,
1113 2475 1184 2560 qui-

168 2564 231 2630 bus
254 2565 464 2649 praelialibus
487 2565 678 2647 utebantur,
702 2562 878 2648 itidemque
901 2564 1009 2628 cuncti
1033 2567 1182 2646 satrapae
1255 2615 1262 2621 ,-

170 2656 204 2716 et
226 2655 401 2737 optimates
421 2653 566 2717 eiusdem
583 2653 714 2716 imitatu
733 2651 885 2737 fecerant,
908 2652 1021 2717 multis
1039 2653 1105 2716 iam
1128 2673 1183 2716 ex·

122 2805 125 2812 ,
171 2739 304 2803 ercitum
328 2741 631 2824 intercurrentibus,
659 2741 715 2823 qui
737 2741 869 2804 virtutis
893 2741 1009 2805 solitae
1033 2740 1182 2825 singulos

171 2830 204 2892 et
226 2829 455 2892 necessitatum
473 2829 696 2912 praesentium
715 2833 965 2894 commonerent.
1004 2828 1033 2893 E
1054 2829 1181 2893 diverso

259 2990 276 3038 6
294 2983 445 3038 virtutibus
463 2983 565 3038 vestris
584 2983 684 3038 cedent
699 2981 763 3039 (lod.
780 2984 831 3040 Oa.
859 2983 1010 3039 virtutibus
1026 2982 1130 3039 nostris
1147 2984 1182 3040 P.

60 3085 66 3096 ·
259 3055 308 3111 28.
334 3061 366 3110 13
385 3057 501 3125 propter
511 3055 618 3123 scripsi.
638 3054 791 3124 praeterP.
811 3055 846 3122 cf.
861 3060 1015 3126 p2100,2⁷.
1034 3054 1110 3110 latus
1121 3055 1182 3112 Mr.

170 3128 246 3183 lutus
266 3128 301 3183 P.
375 3133 409 3181 14
427 3125 565 3196 Straugas
585 3125 643 3180 Mr.
674 3125 805 3196 Strangio
824 3127 857 3181 P.

260 3198 319 3253 Hic
343 3199 443 3269 incipit
468 3199 556 3254 altera
576 3213 647 3267 pars
674 3213 779 3266 corum,
806 3213 876 3267 quac
902 3196 1002 3252 Maias
1028 3199 1060 3253 ia
1085 3197 1184 3268 Spicil.

172 3269 251 3326 Rom.
272 3269 346 3326 Tum.
361 3269 450 3336 VIII
466 3286 499 3325 ea
517 3269 607 3326 codice
628 3268 796 3324 Tauriacnsi
812 3268 905 3323 edidit.

261 3345 296 3392 14
315 3341 400 3396 etiam
414 3357 464 3396 om.
476 3341 507 3395 T.
546 3345 578 3395 18
597 3339 680 3394 Enim
692 3355 742 3395 oia.
754 3339 784 3392 T.
820 3344 856 3392 20
873 3337 1034 3393 fideliterI'.
1052 3338 1136 3393 fidele
1147 3339 1183 3394 P.

173 3413 207 3460 21
218 3410 355 3464 exercitus
362 3413 469 3480 scripsi.
481 3412 540 3465 eius
548 3412 580 3464 P.
588 3427 638 3466 cm.
647 3411 679 3464 Τ.
697 3409 850 3480 perindaP.
865 3408 982 3477 proinde
991 3409 1022 3465 T.
1042 3412 1184 3465 revectus

172 3493 222 3531 ora.
242 3479 275 3532 P.
329 3487 365 3540 26
384 3482 535 3536 utebantur
551 3481 582 3536 Τ.
601 3481 733 3535 utebatur
746 3479 778 3533 P.
804 3480 932 3549 satrapas
948 3479 978 3534 Τ.
1024 3487 1058 3538 27
1077 3479 1185 3536 imitati

172 3545 264 3600 fecere
279 3549 310 3602 P.
338 3552 474 3606 exercitus
488 3552 522 3606 P.
597 3556 631 3604 28
650 3550 748 3606 virtuti
768 3551 802 3606 Ρ.
1115 3591 1120 3601 .
