<?xml version="1.0" encoding="UTF-8"?>
<!DOCTYPE html PUBLIC "-//W3C//DTD XHTML 1.0 Transitional//EN"
    "http://www.w3.org/TR/xhtml1/DTD/xhtml1-transitional.dtd">
<html xmlns="http://www.w3.org/1999/xhtml" xml:lang="en" lang="en">
 <head>
  <title>
</title>
<meta http-equiv="Content-Type" content="text/html;charset=utf-8" />
  <meta name='ocr-system' content='tesseract 3.04.00' />
  <meta name='ocr-capabilities' content='ocr_page ocr_carea ocr_par ocr_line ocrx_word'/>
</head>
<body>
  <div class='ocr_page' id='page_1' title='image "./iulivalerialexa00kbgoog_0108.png"; bbox 0 0 2650 3920; ppageno 0'>
   <div class='ocr_carea' id='block_1_1' title="bbox 506 211 1179 275">
    <p class='ocr_par' dir='ltr' id='par_1_1' title="bbox 506 211 1179 275">
     <span class='ocr_line' id='line_1_1' title="bbox 506 211 1179 275; baseline 0.01 -7"><span class='ocrx_word' id='word_1_1' title='bbox 506 211 621 268; x_wconf 85' lang='lat' dir='ltr'>AGTUS</span> <span class='ocrx_word' id='word_1_2' title='bbox 641 211 862 268; x_wconf 75' lang='lat' dir='ltr'><strong>ALEXANDRI.</strong></span> <span class='ocrx_word' id='word_1_3' title='bbox 1139 212 1179 275; x_wconf 74' lang='lat' dir='ltr'><strong>&#39;ll</strong></span> 
     </span>
    </p>
   </div>
   <div class='ocr_carea' id='block_1_2' title="bbox 156 374 1202 726">
    <p class='ocr_par' dir='ltr' id='par_1_2' title="bbox 156 374 1202 726">
     <span class='ocr_line' id='line_1_2' title="bbox 156 374 1202 460; baseline -0.001 -18"><span class='ocrx_word' id='word_1_4' title='bbox 156 376 292 442; x_wconf 90' lang='lat' dir='ltr'><strong>-scilicet</strong></span> <span class='ocrx_word' id='word_1_5' title='bbox 324 375 520 441; x_wconf 85' lang='lat' dir='ltr'><strong>contumelia</strong></span> <span class='ocrx_word' id='word_1_6' title='bbox 554 379 668 440; x_wconf 89' lang='lat' dir='ltr'><strong>nostra</strong></span> <span class='ocrx_word' id='word_1_7' title='bbox 704 375 822 439; x_wconf 88' lang='lat' dir='ltr'><strong>iniuria</strong></span> <span class='ocrx_word' id='word_1_8' title='bbox 856 374 1056 460; x_wconf 71' lang='lat' dir='ltr'><strong>continetur,</strong></span> <span class='ocrx_word' id='word_1_9' title='bbox 1095 375 1202 460; x_wconf 34' lang='lat' dir='ltr'><strong>quod,</strong></span> 
     </span>
     <span class='ocr_line' id='line_1_3' title="bbox 167 463 1182 549; baseline -0.001 -20"><span class='ocrx_word' id='word_1_10' title='bbox 167 465 262 549; x_wconf 92' lang='lat' dir='ltr'><strong>illud,</strong></span> <span class='ocrx_word' id='word_1_11' title='bbox 290 464 443 548; x_wconf 89' lang='lat' dir='ltr'><strong>quidquid</strong></span> <span class='ocrx_word' id='word_1_12' title='bbox 465 467 613 528; x_wconf 90' lang='lat' dir='ltr'><strong>nostrum</strong></span> <span class='ocrx_word' id='word_1_13' title='bbox 636 463 843 528; x_wconf 69' lang='lat' dir='ltr'><strong>universitati</strong></span> <span class='ocrx_word' id='word_1_14' title='bbox 866 463 1032 547; x_wconf 88' lang='lat' dir='ltr'><strong>moliatur,</strong></span> <span class='ocrx_word' id='word_1_15' title='bbox 1061 464 1096 528; x_wconf 90' lang='lat' dir='ltr'><strong>in</strong></span> <span class='ocrx_word' id='word_1_16' title='bbox 1124 465 1182 529; x_wconf 91' lang='lat' dir='ltr'><strong>illo</strong></span> 
     </span>
     <span class='ocr_line' id='line_1_4' title="bbox 167 551 1181 639; baseline -0.001 -21"><span class='ocrx_word' id='word_1_17' title='bbox 167 554 276 638; x_wconf 90' lang='lat' dir='ltr'><strong>priore</strong></span> <span class='ocrx_word' id='word_1_18' title='bbox 295 553 483 639; x_wconf 82' lang='lat' dir='ltr'><strong>signaverit.</strong></span> <span class='ocrx_word' id='word_1_19' title='bbox 522 551 555 617; x_wconf 89' lang='lat' dir='ltr'><strong>Is</strong></span> <span class='ocrx_word' id='word_1_20' title='bbox 575 572 651 638; x_wconf 81' lang='lat' dir='ltr'><strong>ergo</strong></span> <span class='ocrx_word' id='word_1_21' title='bbox 671 552 921 636; x_wconf 87' lang='lat' dir='ltr'><strong>exspectabitur,</strong></span> <span class='ocrx_word' id='word_1_22' title='bbox 939 555 976 615; x_wconf 88' lang='lat' dir='ltr'><strong>ut</strong></span> <span class='ocrx_word' id='word_1_23' title='bbox 994 553 1181 636; x_wconf 88' lang='lat' dir='ltr'><strong>praesentia</strong></span> 
     </span>
     <span class='ocr_line' id='line_1_5' title="bbox 166 639 1184 726; baseline 0 -20"><span class='ocrx_word' id='word_1_24' title='bbox 166 643 280 707; x_wconf 89' lang='lat' dir='ltr'><strong>nostra</strong></span> <span class='ocrx_word' id='word_1_25' title='bbox 303 646 485 725; x_wconf 90' lang='lat' dir='ltr'><strong>moveatur,</strong></span> <span class='ocrx_word' id='word_1_26' title='bbox 515 661 610 725; x_wconf 91' lang='lat' dir='ltr'><strong>quem</strong></span> <span class='ocrx_word' id='word_1_27' title='bbox 634 639 829 726; x_wconf 81' lang='lat' dir='ltr'><strong>Stesagoras</strong></span> <span class='ocrx_word' id='word_1_28' title='bbox 855 661 998 724; x_wconf 84' lang='lat' dir='ltr'><strong>purpura</strong></span> <span class='ocrx_word' id='word_1_29' title='bbox 1022 643 1054 705; x_wconf 91' lang='lat' dir='ltr'><strong>et</strong></span> <span class='ocrx_word' id='word_1_30' title='bbox 1076 642 1184 726; x_wconf 86' lang='lat' dir='ltr'><strong>magi-</strong></span> 
     </span>
    </p>
   </div>
   <div class='ocr_carea' id='block_1_3' title="bbox 76 729 1205 815">
    <p class='ocr_par' dir='ltr' id='par_1_3' title="bbox 76 729 1205 815">
     <span class='ocr_line' id='line_1_6' title="bbox 76 729 1205 815; baseline 0.001 -20"><span class='ocrx_word' id='word_1_31' title='bbox 76 808 80 815; x_wconf 32' lang='lat'><strong>,</strong></span> <span class='ocrx_word' id='word_1_32' title='bbox 167 732 291 796; x_wconf 85' lang='lat' dir='ltr'><strong>stratus</strong></span> <span class='ocrx_word' id='word_1_33' title='bbox 329 730 480 814; x_wconf 79' lang='lat' dir='ltr'><strong>facesque</strong></span> <span class='ocrx_word' id='word_1_34' title='bbox 515 729 648 794; x_wconf 92' lang='lat' dir='ltr'><strong>minime</strong></span> <span class='ocrx_word' id='word_1_35' title='bbox 683 733 869 814; x_wconf 85' lang='lat' dir='ltr'><strong>moverunt,</strong></span> <span class='ocrx_word' id='word_1_36' title='bbox 909 748 982 792; x_wconf 93' lang='lat' dir='ltr'><strong>cum</strong></span> <span class='ocrx_word' id='word_1_37' title='bbox 1016 729 1051 793; x_wconf 92' lang='lat' dir='ltr'><strong>in</strong></span> <span class='ocrx_word' id='word_1_38' title='bbox 1087 730 1205 796; x_wconf 72' lang='lat' dir='ltr'><strong>illiuss</strong></span> 
     </span>
    </p>
   </div>
   <div class='ocr_carea' id='block_1_4' title="bbox 165 816 1244 1608">
    <p class='ocr_par' dir='ltr' id='par_1_4' title="bbox 166 816 1224 1414">
     <span class='ocr_line' id='line_1_7' title="bbox 167 816 1183 904; baseline 0.001 -21"><span class='ocrx_word' id='word_1_39' title='bbox 167 818 263 884; x_wconf 91' lang='lat' dir='ltr'><strong>unius</strong></span> <span class='ocrx_word' id='word_1_40' title='bbox 292 818 434 883; x_wconf 89' lang='lat' dir='ltr'><strong>nominis</strong></span> <span class='ocrx_word' id='word_1_41' title='bbox 465 818 624 904; x_wconf 78' lang='lat' dir='ltr'><strong>dignitate</strong></span> <span class='ocrx_word' id='word_1_42' title='bbox 657 838 757 902; x_wconf 91' lang='lat' dir='ltr'><strong>puero</strong></span> <span class='ocrx_word' id='word_1_43' title='bbox 790 817 845 882; x_wconf 87' lang='lat' dir='ltr'><strong>isti</strong></span> <span class='ocrx_word' id='word_1_44' title='bbox 877 817 1047 882; x_wconf 89' lang='lat' dir='ltr'><strong>universae</strong></span> <span class='ocrx_word' id='word_1_45' title='bbox 1070 816 1183 884; x_wconf 83' lang='lat' dir='ltr'><strong>&#39;Athe-</strong></span> 
     </span>
     <span class='ocr_line' id='line_1_8' title="bbox 167 905 1180 989; baseline 0.001 -18"><span class='ocrx_word' id='word_1_46' title='bbox 167 907 329 972; x_wconf 82' lang='lat' dir='ltr'><strong>niensium</strong></span> <span class='ocrx_word' id='word_1_47' title='bbox 357 907 464 972; x_wconf 87' lang='lat' dir='ltr'><strong>curiae</strong></span> <span class='ocrx_word' id='word_1_48' title='bbox 491 907 646 971; x_wconf 88' lang='lat' dir='ltr'><strong>maiestas</strong></span> <span class='ocrx_word' id='word_1_49' title='bbox 675 905 821 971; x_wconf 79' lang='lat' dir='ltr'><strong>obviaret</strong></span> <span class='ocrx_word' id='word_1_50' title='bbox 854 909 951 989; x_wconf 91' lang='lat' dir='ltr'><strong>atque</strong></span> <span class='ocrx_word' id='word_1_51' title='bbox 979 906 1082 971; x_wconf 90' lang='lat' dir='ltr'><strong>oculis</strong></span> <span class='ocrx_word' id='word_1_52' title='bbox 1112 906 1180 972; x_wconf 91' lang='lat' dir='ltr'><strong>eius</strong></span> 
     </span>
     <span class='ocr_line' id='line_1_9' title="bbox 170 993 1183 1079; baseline 0 -18"><span class='ocrx_word' id='word_1_53' title='bbox 170 1016 239 1076; x_wconf 87' lang='lat' dir='ltr'><strong>sese</strong></span> <span class='ocrx_word' id='word_1_54' title='bbox 264 999 297 1059; x_wconf 88' lang='lat' dir='ltr'><strong>et</strong></span> <span class='ocrx_word' id='word_1_55' title='bbox 315 995 459 1060; x_wconf 89' lang='lat' dir='ltr'><strong>vultibus</strong></span> <span class='ocrx_word' id='word_1_56' title='bbox 482 996 672 1078; x_wconf 80' lang='lat' dir='ltr'><strong>ostentaret,</strong></span> <span class='ocrx_word' id='word_1_57' title='bbox 696 993 800 1078; x_wconf 87' lang='lat' dir='ltr'><strong>siquid</strong></span> <span class='ocrx_word' id='word_1_58' title='bbox 823 997 934 1058; x_wconf 89' lang='lat' dir='ltr'><strong>tamen</strong></span> <span class='ocrx_word' id='word_1_59' title='bbox 957 997 1044 1058; x_wconf 89' lang='lat' dir='ltr'><strong>recte</strong></span> <span class='ocrx_word' id='word_1_60' title='bbox 1068 1017 1183 1079; x_wconf 89' lang='lat' dir='ltr'><strong>sapere</strong></span> 
     </span>
     <span class='ocr_line' id='line_1_10' title="bbox 169 1082 1185 1168; baseline 0.001 -20"><span class='ocrx_word' id='word_1_61' title='bbox 169 1083 356 1148; x_wconf 76' lang='lat' dir='ltr'><strong>didicisset?</strong></span> <span class='ocrx_word' id='word_1_62' title='bbox 386 1083 419 1148; x_wconf 91' lang='lat' dir='ltr'><strong>Is</strong></span> <span class='ocrx_word' id='word_1_63' title='bbox 439 1103 516 1168; x_wconf 83' lang='lat' dir='ltr'><strong>ergo</strong></span> <span class='ocrx_word' id='word_1_64' title='bbox 539 1087 687 1148; x_wconf 89' lang='lat' dir='ltr'><strong>nostram</strong></span> <span class='ocrx_word' id='word_1_65' title='bbox 707 1083 928 1167; x_wconf 88' lang='lat' dir='ltr'><strong>praesentiam</strong></span> <span class='ocrx_word' id='word_1_66' title='bbox 951 1082 1064 1148; x_wconf 88' lang='lat' dir='ltr'><strong>mitius</strong></span> <span class='ocrx_word' id='word_1_67' title='bbox 1088 1106 1185 1168; x_wconf 90' lang='lat' dir='ltr'><strong>oppe-</strong></span> 
     </span>
     <span class='ocr_line' id='line_1_11' title="bbox 169 1171 1224 1256; baseline 0.001 -20"><span class='ocrx_word' id='word_1_68' title='bbox 169 1172 294 1255; x_wconf 75' lang='lat' dir='ltr'><strong>rietur,</strong></span> <span class='ocrx_word' id='word_1_69' title='bbox 317 1193 359 1236; x_wconf 92' lang='lat' dir='ltr'><strong>an</strong></span> <span class='ocrx_word' id='word_1_70' title='bbox 386 1193 494 1256; x_wconf 84' lang='lat' dir='ltr'><strong>mage,</strong></span> <span class='ocrx_word' id='word_1_71' title='bbox 522 1193 594 1236; x_wconf 92' lang='lat' dir='ltr'><strong>cum</strong></span> <span class='ocrx_word' id='word_1_72' title='bbox 623 1173 721 1236; x_wconf 89' lang='lat' dir='ltr'><strong>semel</strong></span> <span class='ocrx_word' id='word_1_73' title='bbox 744 1173 780 1236; x_wconf 91' lang='lat' dir='ltr'><strong>in</strong></span> <span class='ocrx_word' id='word_1_74' title='bbox 803 1171 872 1236; x_wconf 90' lang='lat' dir='ltr'><strong>eius</strong></span> <span class='ocrx_word' id='word_1_75' title='bbox 900 1193 1015 1236; x_wconf 90' lang='lat' dir='ltr'><strong>manns</strong></span> <span class='ocrx_word' id='word_1_76' title='bbox 1038 1175 1224 1255; x_wconf 88' lang='lat' dir='ltr'><strong>potesta-1⁰</strong></span> 
     </span>
     <span class='ocr_line' id='line_1_12' title="bbox 166 1259 1184 1345; baseline 0.002 -21"><span class='ocrx_word' id='word_1_77' title='bbox 166 1265 299 1344; x_wconf 87' lang='lat' dir='ltr'><strong>temque</strong></span> <span class='ocrx_word' id='word_1_78' title='bbox 317 1261 510 1344; x_wconf 84' lang='lat' dir='ltr'><strong>venerimus,</strong></span> <span class='ocrx_word' id='word_1_79' title='bbox 534 1259 627 1324; x_wconf 88' lang='lat' dir='ltr'><strong>dedet</strong></span> <span class='ocrx_word' id='word_1_80' title='bbox 652 1260 820 1345; x_wconf 88' lang='lat' dir='ltr'><strong>suppliciis</strong></span> <span class='ocrx_word' id='word_1_81' title='bbox 844 1259 1085 1345; x_wconf 87' lang='lat' dir='ltr'><strong>ultionibusque</strong></span> <span class='ocrx_word' id='word_1_82' title='bbox 1106 1282 1184 1345; x_wconf 94' lang='lat' dir='ltr'><strong>poe-</strong></span> 
     </span>
     <span class='ocr_line' id='line_1_13' title="bbox 166 1347 492 1414; baseline -0.012 0"><span class='ocrx_word' id='word_1_83' title='bbox 166 1347 320 1414; x_wconf 78' lang='lat' dir='ltr'><strong>nalibus?</strong></span> <span class='ocrx_word' id='word_1_84' title='bbox 489 1351 492 1360; x_wconf 83' lang='grc'>’</span> 
     </span>
    </p>

    <p class='ocr_par' dir='ltr' id='par_1_5' title="bbox 165 1435 1244 1608">
     <span class='ocr_line' id='line_1_14' title="bbox 258 1435 1244 1520; baseline -0.007 -18"><span class='ocrx_word' id='word_1_85' title='bbox 258 1435 292 1502; x_wconf 81' lang='grc'><strong>7.</strong></span> <span class='ocrx_word' id='word_1_86' title='bbox 328 1437 374 1501; x_wconf 82' lang='lat' dir='ltr'><strong>Et</strong></span> <span class='ocrx_word' id='word_1_87' title='bbox 396 1435 476 1500; x_wconf 89' lang='lat' dir='ltr'><strong>haec</strong></span> <span class='ocrx_word' id='word_1_88' title='bbox 500 1436 630 1520; x_wconf 90' lang='lat' dir='ltr'><strong>quidem</strong></span> <span class='ocrx_word' id='word_1_89' title='bbox 654 1436 720 1500; x_wconf 90' lang='lat' dir='ltr'><strong>sint</strong></span> <span class='ocrx_word' id='word_1_90' title='bbox 743 1435 829 1500; x_wconf 86' lang='lat' dir='ltr'><strong>dieta</strong></span> <span class='ocrx_word' id='word_1_91' title='bbox 852 1435 890 1500; x_wconf 89' lang='lat' dir='ltr'><strong>de</strong></span> <span class='ocrx_word' id='word_1_92' title='bbox 914 1436 1068 1501; x_wconf 88' lang='lat' dir='ltr'><strong>moribus.</strong></span> <span class='ocrx_word' id='word_1_93' title='bbox 1106 1435 1179 1502; x_wconf 91' lang='lat' dir='ltr'><strong>Huc</strong></span> <span class='ocrx_word' id='word_1_94' title='bbox 1198 1445 1244 1497; x_wconf 90' lang='lat'><strong>11.</strong></span> 
     </span>
     <span class='ocr_line' id='line_1_15' title="bbox 165 1524 1184 1608; baseline 0 -18"><span class='ocrx_word' id='word_1_95' title='bbox 165 1530 280 1592; x_wconf 88' lang='lat' dir='ltr'><strong>tamen</strong></span> <span class='ocrx_word' id='word_1_96' title='bbox 310 1524 417 1591; x_wconf 89' lang='lat' dir='ltr'><strong>addite</strong></span> <span class='ocrx_word' id='word_1_97' title='bbox 450 1524 572 1608; x_wconf 91' lang='lat' dir='ltr'><strong>aliquid</strong></span> <span class='ocrx_word' id='word_1_98' title='bbox 602 1524 702 1588; x_wconf 91' lang='lat' dir='ltr'><strong>etiam</strong></span> <span class='ocrx_word' id='word_1_99' title='bbox 733 1524 772 1587; x_wconf 91' lang='lat' dir='ltr'><strong>de</strong></span> <span class='ocrx_word' id='word_1_100' title='bbox 806 1524 873 1587; x_wconf 91' lang='lat' dir='ltr'><strong>eius</strong></span> <span class='ocrx_word' id='word_1_101' title='bbox 907 1528 1023 1607; x_wconf 88' lang='lat' dir='ltr'><strong>aetate,</strong></span> <span class='ocrx_word' id='word_1_102' title='bbox 1056 1525 1089 1587; x_wconf 91' lang='lat' dir='ltr'><strong>in</strong></span> <span class='ocrx_word' id='word_1_103' title='bbox 1120 1547 1184 1608; x_wconf 92' lang='lat' dir='ltr'><strong>qua</strong></span> 
     </span>
    </p>
   </div>
   <div class='ocr_carea' id='block_1_5' title="bbox 46 1611 1223 1697">
    <p class='ocr_par' dir='ltr' id='par_1_6' title="bbox 46 1611 1223 1697">
     <span class='ocr_line' id='line_1_16' title="bbox 46 1611 1223 1697; baseline -0.008 -16"><span class='ocrx_word' id='word_1_104' title='bbox 46 1617 53 1632; x_wconf 83' lang='lat'><strong>&#39;</strong></span> <span class='ocrx_word' id='word_1_105' title='bbox 169 1615 343 1680; x_wconf 82' lang='lat' dir='ltr'><strong>aestimata</strong></span> <span class='ocrx_word' id='word_1_106' title='bbox 372 1613 525 1697; x_wconf 83' lang='lat' dir='ltr'><strong>perfacile</strong></span> <span class='ocrx_word' id='word_1_107' title='bbox 557 1617 621 1696; x_wconf 77' lang='lat' dir='ltr'><strong>est,</strong></span> <span class='ocrx_word' id='word_1_108' title='bbox 654 1611 739 1697; x_wconf 92' lang='lat' dir='ltr'><strong>quod</strong></span> <span class='ocrx_word' id='word_1_109' title='bbox 771 1611 829 1675; x_wconf 91' lang='lat' dir='ltr'><strong>illa</strong></span> <span class='ocrx_word' id='word_1_110' title='bbox 860 1611 1013 1676; x_wconf 90' lang='lat' dir='ltr'><strong>dimicare</strong></span> <span class='ocrx_word' id='word_1_111' title='bbox 1043 1612 1182 1677; x_wconf 83' lang='lat' dir='ltr'><strong>forsitan</strong></span> <span class='ocrx_word' id='word_1_112' title='bbox 1196 1631 1223 1672; x_wconf 82' lang='lat'><strong>15</strong></span> 
     </span>
    </p>
   </div>
   <div class='ocr_carea' id='block_1_6' title="bbox 165 1699 1224 3288">
    <p class='ocr_par' dir='ltr' id='par_1_7' title="bbox 165 1699 1224 3288">
     <span class='ocr_line' id='line_1_17' title="bbox 170 1699 1185 1787; baseline -0.002 -20"><span class='ocrx_word' id='word_1_113' title='bbox 170 1703 399 1787; x_wconf 89' lang='lat' dir='ltr'><strong>confidentius,</strong></span> <span class='ocrx_word' id='word_1_114' title='bbox 429 1701 596 1766; x_wconf 89' lang='lat' dir='ltr'><strong>consulere</strong></span> <span class='ocrx_word' id='word_1_115' title='bbox 626 1701 807 1765; x_wconf 90' lang='lat' dir='ltr'><strong>dementius</strong></span> <span class='ocrx_word' id='word_1_116' title='bbox 835 1700 949 1785; x_wconf 91' lang='lat' dir='ltr'><strong>possit.</strong></span> <span class='ocrx_word' id='word_1_117' title='bbox 998 1699 1185 1780; x_wconf 80' lang='lat' dir='ltr'><strong>Enimvero,</strong></span> 
     </span>
     <span class='ocr_line' id='line_1_18' title="bbox 169 1789 1185 1875; baseline -0.002 -19"><span class='ocrx_word' id='word_1_118' title='bbox 169 1792 230 1875; x_wconf 87' lang='lat' dir='ltr'><strong>ait,</strong></span> <span class='ocrx_word' id='word_1_119' title='bbox 259 1791 375 1875; x_wconf 84' lang='lat' dir='ltr'><strong>Tyrios</strong></span> <span class='ocrx_word' id='word_1_120' title='bbox 400 1790 529 1856; x_wconf 87' lang='lat' dir='ltr'><strong>excidit:</strong></span> <span class='ocrx_word' id='word_1_121' title='bbox 557 1811 661 1875; x_wconf 89' lang='lat' dir='ltr'><strong>neque</strong></span> <span class='ocrx_word' id='word_1_122' title='bbox 685 1790 771 1854; x_wconf 90' lang='lat' dir='ltr'><strong>enim</strong></span> <span class='ocrx_word' id='word_1_123' title='bbox 794 1792 947 1872; x_wconf 89' lang='lat' dir='ltr'><strong>poterant</strong></span> <span class='ocrx_word' id='word_1_124' title='bbox 974 1789 1023 1852; x_wconf 94' lang='lat' dir='ltr'><strong>illi</strong></span> <span class='ocrx_word' id='word_1_125' title='bbox 1045 1789 1185 1854; x_wconf 87' lang='lat' dir='ltr'><strong>forsitan</strong></span> 
     </span>
     <span class='ocr_line' id='line_1_19' title="bbox 168 1877 1183 1962; baseline -0.001 -18"><span class='ocrx_word' id='word_1_126' title='bbox 168 1880 335 1944; x_wconf 88' lang='lat' dir='ltr'><strong>restitisse.</strong></span> <span class='ocrx_word' id='word_1_127' title='bbox 374 1878 546 1945; x_wconf 83' lang='lat' dir='ltr'><strong>Thebanos</strong></span> <span class='ocrx_word' id='word_1_128' title='bbox 571 1878 701 1943; x_wconf 90' lang='lat' dir='ltr'><strong>evertit:</strong></span> <span class='ocrx_word' id='word_1_129' title='bbox 724 1899 791 1943; x_wconf 91' lang='lat' dir='ltr'><strong>non</strong></span> <span class='ocrx_word' id='word_1_130' title='bbox 814 1877 889 1943; x_wconf 90' lang='lat' dir='ltr'><strong>illos</strong></span> <span class='ocrx_word' id='word_1_131' title='bbox 909 1877 1038 1962; x_wconf 90' lang='lat' dir='ltr'><strong>quidem</strong></span> <span class='ocrx_word' id='word_1_132' title='bbox 1061 1878 1183 1943; x_wconf 87' lang='lat' dir='ltr'><strong>inertes</strong></span> 
     </span>
     <span class='ocr_line' id='line_1_20' title="bbox 170 1966 1183 2050; baseline -0.003 -17"><span class='ocrx_word' id='word_1_133' title='bbox 170 1972 227 2033; x_wconf 84' lang='lat' dir='ltr'><strong>aut</strong></span> <span class='ocrx_word' id='word_1_134' title='bbox 254 1968 331 2033; x_wconf 90' lang='lat' dir='ltr'><strong>belli</strong></span> <span class='ocrx_word' id='word_1_135' title='bbox 361 1968 485 2032; x_wconf 86' lang='lat' dir='ltr'><strong>artibus</strong></span> <span class='ocrx_word' id='word_1_136' title='bbox 515 1967 652 2050; x_wconf 87' lang='lat' dir='ltr'><strong>alienos,</strong></span> <span class='ocrx_word' id='word_1_137' title='bbox 680 1966 736 2031; x_wconf 89' lang='lat' dir='ltr'><strong>sed</strong></span> <span class='ocrx_word' id='word_1_138' title='bbox 764 1967 850 2030; x_wconf 89' lang='lat' dir='ltr'><strong>enim</strong></span> <span class='ocrx_word' id='word_1_139' title='bbox 877 1966 1099 2050; x_wconf 89' lang='lat' dir='ltr'><strong>frequentibus</strong></span> <span class='ocrx_word' id='word_1_140' title='bbox 1128 1966 1183 2032; x_wconf 89' lang='lat' dir='ltr'><strong>ad·</strong></span> 
     </span>
     <span class='ocr_line' id='line_1_21' title="bbox 166 2055 1224 2142; baseline -0.008 -21"><span class='ocrx_word' id='word_1_141' title='bbox 166 2056 297 2122; x_wconf 91' lang='lat' dir='ltr'><strong>modum</strong></span> <span class='ocrx_word' id='word_1_142' title='bbox 331 2055 570 2121; x_wconf 87' lang='lat' dir='ltr'><strong>discriminibus</strong></span> <span class='ocrx_word' id='word_1_143' title='bbox 601 2055 769 2142; x_wconf 85' lang='lat' dir='ltr'><strong>fatigatos.</strong></span> <span class='ocrx_word' id='word_1_144' title='bbox 821 2055 1092 2140; x_wconf 87' lang='lat' dir='ltr'><strong>Peloponnesios,</strong></span> <span class='ocrx_word' id='word_1_145' title='bbox 1125 2056 1181 2140; x_wconf 84' lang='lat' dir='ltr'><strong>ait,</strong></span> <span class='ocrx_word' id='word_1_146' title='bbox 1196 2073 1224 2113; x_wconf 80' lang='lat' dir='ltr'><strong>so</strong></span> 
     </span>
     <span class='ocr_line' id='line_1_22' title="bbox 166 2143 1183 2229; baseline -0.003 -19"><span class='ocrx_word' id='word_1_147' title='bbox 166 2145 355 2229; x_wconf 83' lang='lat' dir='ltr'><strong>captivitate</strong></span> <span class='ocrx_word' id='word_1_148' title='bbox 379 2143 528 2227; x_wconf 87' lang='lat' dir='ltr'><strong>subiecit,</strong></span> <span class='ocrx_word' id='word_1_149' title='bbox 552 2165 655 2228; x_wconf 89' lang='lat' dir='ltr'><strong>neque</strong></span> <span class='ocrx_word' id='word_1_150' title='bbox 679 2143 741 2208; x_wconf 91' lang='lat' dir='ltr'><strong>hoc</strong></span> <span class='ocrx_word' id='word_1_151' title='bbox 765 2143 868 2208; x_wconf 88' lang='lat' dir='ltr'><strong>addit:</strong></span> <span class='ocrx_word' id='word_1_152' title='bbox 896 2163 963 2208; x_wconf 91' lang='lat' dir='ltr'><strong>non</strong></span> <span class='ocrx_word' id='word_1_153' title='bbox 985 2143 1087 2226; x_wconf 90' lang='lat' dir='ltr'><strong>bello,</strong></span> <span class='ocrx_word' id='word_1_154' title='bbox 1114 2164 1183 2208; x_wconf 91' lang='lat' dir='ltr'><strong>non</strong></span> 
     </span>
     <span class='ocr_line' id='line_1_23' title="bbox 166 2229 1183 2316; baseline 0 -20"><span class='ocrx_word' id='word_1_155' title='bbox 166 2233 256 2316; x_wconf 91' lang='lat' dir='ltr'><strong>telis,</strong></span> <span class='ocrx_word' id='word_1_156' title='bbox 284 2233 447 2297; x_wconf 89' lang='lat' dir='ltr'><strong>enimvero</strong></span> <span class='ocrx_word' id='word_1_157' title='bbox 474 2233 528 2296; x_wconf 94' lang='lat' dir='ltr'><strong>lue</strong></span> <span class='ocrx_word' id='word_1_158' title='bbox 552 2233 722 2315; x_wconf 90' lang='lat' dir='ltr'><strong>corruptos</strong></span> <span class='ocrx_word' id='word_1_159' title='bbox 745 2233 779 2296; x_wconf 90' lang='lat' dir='ltr'><strong>et</strong></span> <span class='ocrx_word' id='word_1_160' title='bbox 801 2231 895 2295; x_wconf 92' lang='lat' dir='ltr'><strong>fame.</strong></span> <span class='ocrx_word' id='word_1_161' title='bbox 941 2229 1005 2296; x_wconf 90' lang='lat' dir='ltr'><strong>Hic</strong></span> <span class='ocrx_word' id='word_1_162' title='bbox 1027 2252 1129 2316; x_wconf 89' lang='lat' dir='ltr'><strong>nunc,</strong></span> <span class='ocrx_word' id='word_1_163' title='bbox 1154 2232 1183 2296; x_wconf 90' lang='lat' dir='ltr'><strong>si</strong></span> 
     </span>
     <span class='ocr_line' id='line_1_24' title="bbox 167 2317 1178 2404; baseline -0.001 -20"><span class='ocrx_word' id='word_1_164' title='bbox 167 2321 287 2403; x_wconf 89' lang='lat' dir='ltr'><strong>placet,</strong></span> <span class='ocrx_word' id='word_1_165' title='bbox 313 2321 367 2384; x_wconf 91' lang='lat' dir='ltr'><strong>hic</strong></span> <span class='ocrx_word' id='word_1_166' title='bbox 390 2341 467 2384; x_wconf 91' lang='lat' dir='ltr'><strong>sane</strong></span> <span class='ocrx_word' id='word_1_167' title='bbox 489 2320 633 2404; x_wconf 89' lang='lat' dir='ltr'><strong>proferte</strong></span> <span class='ocrx_word' id='word_1_168' title='bbox 655 2320 690 2384; x_wconf 90' lang='lat' dir='ltr'><strong>in</strong></span> <span class='ocrx_word' id='word_1_169' title='bbox 713 2318 854 2384; x_wconf 91' lang='lat' dir='ltr'><strong>medium</strong></span> <span class='ocrx_word' id='word_1_170' title='bbox 878 2322 992 2383; x_wconf 89' lang='lat' dir='ltr'><strong>nostra</strong></span> <span class='ocrx_word' id='word_1_171' title='bbox 1014 2317 1178 2403; x_wconf 84' lang='lat' dir='ltr'><strong>Xerxique</strong></span> 
     </span>
     <span class='ocr_line' id='line_1_25' title="bbox 167 2407 1179 2491; baseline -0.001 -19"><span class='ocrx_word' id='word_1_172' title='bbox 167 2407 402 2490; x_wconf 86' lang='lat' dir='ltr'><strong>experimenta,</strong></span> <span class='ocrx_word' id='word_1_173' title='bbox 430 2407 485 2490; x_wconf 92' lang='lat' dir='ltr'><strong>qui</strong></span> <span class='ocrx_word' id='word_1_174' title='bbox 513 2429 601 2472; x_wconf 89' lang='lat' dir='ltr'><strong>mare</strong></span> <span class='ocrx_word' id='word_1_175' title='bbox 629 2407 771 2472; x_wconf 92' lang='lat' dir='ltr'><strong>molibus</strong></span> <span class='ocrx_word' id='word_1_176' title='bbox 795 2407 962 2491; x_wconf 88' lang='lat' dir='ltr'><strong>presserit,</strong></span> <span class='ocrx_word' id='word_1_177' title='bbox 991 2407 1047 2489; x_wconf 91' lang='lat' dir='ltr'><strong>qui</strong></span> <span class='ocrx_word' id='word_1_178' title='bbox 1075 2408 1179 2471; x_wconf 89' lang='lat' dir='ltr'><strong>altum</strong></span> 
     </span>
     <span class='ocr_line' id='line_1_26' title="bbox 167 2495 1222 2579; baseline -0.006 -19"><span class='ocrx_word' id='word_1_179' title='bbox 167 2495 248 2561; x_wconf 90' lang='lat' dir='ltr'><strong>illud</strong></span> <span class='ocrx_word' id='word_1_180' title='bbox 270 2495 408 2560; x_wconf 92' lang='lat' dir='ltr'><strong>navibus</strong></span> <span class='ocrx_word' id='word_1_181' title='bbox 433 2496 597 2579; x_wconf 85' lang='lat' dir='ltr'><strong>straverit,</strong></span> <span class='ocrx_word' id='word_1_182' title='bbox 624 2496 680 2578; x_wconf 90' lang='lat' dir='ltr'><strong>qui</strong></span> <span class='ocrx_word' id='word_1_183' title='bbox 707 2499 829 2560; x_wconf 89' lang='lat' dir='ltr'><strong>terram</strong></span> <span class='ocrx_word' id='word_1_184' title='bbox 856 2495 946 2558; x_wconf 91' lang='lat' dir='ltr'><strong>illam</strong></span> <span class='ocrx_word' id='word_1_185' title='bbox 969 2514 1100 2559; x_wconf 87' lang='lat' dir='ltr'><strong>omnem</strong></span> <span class='ocrx_word' id='word_1_186' title='bbox 1126 2516 1178 2560; x_wconf 83' lang='lat' dir='ltr'><strong>ex·</strong></span> <span class='ocrx_word' id='word_1_187' title='bbox 1194 2514 1222 2555; x_wconf 73' lang='lat' dir='ltr'><strong>aa</strong></span> 
     </span>
     <span class='ocr_line' id='line_1_27' title="bbox 166 2582 1180 2668; baseline 0 -19"><span class='ocrx_word' id='word_1_188' title='bbox 166 2583 271 2649; x_wconf 89' lang='lat' dir='ltr'><strong>ercitu</strong></span> <span class='ocrx_word' id='word_1_189' title='bbox 302 2603 361 2648; x_wconf 89' lang='lat' dir='ltr'><strong>suo</strong></span> <span class='ocrx_word' id='word_1_190' title='bbox 393 2583 526 2666; x_wconf 83' lang='lat' dir='ltr'><strong>texerit,</strong></span> <span class='ocrx_word' id='word_1_191' title='bbox 559 2584 615 2668; x_wconf 93' lang='lat' dir='ltr'><strong>qui</strong></span> <span class='ocrx_word' id='word_1_192' title='bbox 647 2588 723 2648; x_wconf 70' lang='lat' dir='ltr'><strong>abra</strong></span> <span class='ocrx_word' id='word_1_193' title='bbox 755 2583 861 2666; x_wconf 92' lang='lat' dir='ltr'><strong>ipsum</strong></span> <span class='ocrx_word' id='word_1_194' title='bbox 894 2582 967 2647; x_wconf 91' lang='lat' dir='ltr'><strong>telis</strong></span> <span class='ocrx_word' id='word_1_195' title='bbox 1000 2583 1180 2668; x_wconf 90' lang='lat' dir='ltr'><strong>iaculisque</strong></span> 
     </span>
     <span class='ocr_line' id='line_1_28' title="bbox 166 2669 1183 2757; baseline -0.001 -19"><span class='ocrx_word' id='word_1_196' title='bbox 166 2671 331 2738; x_wconf 88' lang='lat' dir='ltr'><strong>velaverit.</strong></span> <span class='ocrx_word' id='word_1_197' title='bbox 376 2669 501 2736; x_wconf 90' lang='lat' dir='ltr'><strong>Deinde</strong></span> <span class='ocrx_word' id='word_1_198' title='bbox 529 2671 622 2737; x_wconf 93' lang='lat' dir='ltr'><strong>illum</strong></span> <span class='ocrx_word' id='word_1_199' title='bbox 646 2671 775 2756; x_wconf 93' lang='lat' dir='ltr'><strong>quidem</strong></span> <span class='ocrx_word' id='word_1_200' title='bbox 800 2671 920 2736; x_wconf 87' lang='lat' dir='ltr'><strong>Persen</strong></span> <span class='ocrx_word' id='word_1_201' title='bbox 950 2670 1030 2737; x_wconf 89' lang='lat' dir='ltr'><strong>adeo</strong></span> <span class='ocrx_word' id='word_1_202' title='bbox 1056 2673 1183 2757; x_wconf 89' lang='lat' dir='ltr'><strong>spiran-</strong></span> 
     </span>
     <span class='ocr_line' id='line_1_29' title="bbox 165 2759 1182 2846; baseline 0.001 -20"><span class='ocrx_word' id='word_1_203' title='bbox 165 2763 234 2826; x_wconf 89' lang='lat' dir='ltr'><strong>tem</strong></span> <span class='ocrx_word' id='word_1_204' title='bbox 262 2763 295 2826; x_wconf 87' lang='lat' dir='ltr'><strong>et</strong></span> <span class='ocrx_word' id='word_1_205' title='bbox 322 2759 536 2826; x_wconf 84' lang='lat' dir='ltr'><strong>confidentem</strong></span> <span class='ocrx_word' id='word_1_206' title='bbox 564 2761 732 2846; x_wconf 81' lang='lat' dir='ltr'><strong>abegimus</strong></span> <span class='ocrx_word' id='word_1_207' title='bbox 766 2759 907 2826; x_wconf 86' lang='lat' dir='ltr'><strong>incensis</strong></span> <span class='ocrx_word' id='word_1_208' title='bbox 941 2760 1010 2826; x_wconf 88' lang='lat' dir='ltr'><strong>eius</strong></span> <span class='ocrx_word' id='word_1_209' title='bbox 1043 2762 1182 2827; x_wconf 90' lang='lat' dir='ltr'><strong>navibus</strong></span> 
     </span>
     <span class='ocr_line' id='line_1_30' title="bbox 166 2848 1182 2934; baseline 0.001 -19"><span class='ocrx_word' id='word_1_210' title='bbox 166 2853 224 2915; x_wconf 87' lang='lat' dir='ltr'><strong>aut</strong></span> <span class='ocrx_word' id='word_1_211' title='bbox 247 2849 345 2914; x_wconf 89' lang='lat' dir='ltr'><strong>etiam</strong></span> <span class='ocrx_word' id='word_1_212' title='bbox 365 2849 540 2934; x_wconf 89' lang='lat' dir='ltr'><strong>superatis,</strong></span> <span class='ocrx_word' id='word_1_213' title='bbox 564 2853 597 2915; x_wconf 92' lang='lat' dir='ltr'><strong>et</strong></span> <span class='ocrx_word' id='word_1_214' title='bbox 619 2852 670 2915; x_wconf 90' lang='lat' dir='ltr'><strong>tot</strong></span> <span class='ocrx_word' id='word_1_215' title='bbox 692 2848 750 2915; x_wconf 90' lang='lat' dir='ltr'><strong>illa</strong></span> <span class='ocrx_word' id='word_1_216' title='bbox 768 2848 860 2915; x_wconf 91' lang='lat' dir='ltr'><strong>milia</strong></span> <span class='ocrx_word' id='word_1_217' title='bbox 879 2850 1038 2916; x_wconf 85' lang='lat' dir='ltr'><strong>exercitus</strong></span> <span class='ocrx_word' id='word_1_218' title='bbox 1058 2849 1099 2915; x_wconf 91' lang='lat' dir='ltr'><strong>ab</strong></span> <span class='ocrx_word' id='word_1_219' title='bbox 1120 2851 1182 2916; x_wconf 86' lang='lat' dir='ltr'><strong>hac</strong></span> 
     </span>
     <span class='ocr_line' id='line_1_31' title="bbox 167 2936 1224 3024; baseline -0.003 -21"><span class='ocrx_word' id='word_1_220' title='bbox 167 2938 299 3003; x_wconf 87' lang='lat' dir='ltr'><strong>civitate</strong></span> <span class='ocrx_word' id='word_1_221' title='bbox 325 2939 503 3022; x_wconf 89' lang='lat' dir='ltr'><strong>repulimus</strong></span> <span class='ocrx_word' id='word_1_222' title='bbox 532 2936 716 3024; x_wconf 76' lang='lat' dir='ltr'><strong>Cynaegiro</strong></span> <span class='ocrx_word' id='word_1_223' title='bbox 744 2940 777 3002; x_wconf 91' lang='lat' dir='ltr'><strong>et</strong></span> <span class='ocrx_word' id='word_1_224' title='bbox 803 2937 1005 3022; x_wconf 84' lang='lat' dir='ltr'><strong>Antiphonte</strong></span> <span class='ocrx_word' id='word_1_225' title='bbox 1033 2943 1067 3004; x_wconf 90' lang='lat' dir='ltr'><strong>et</strong></span> <span class='ocrx_word' id='word_1_226' title='bbox 1093 2937 1180 3004; x_wconf 89' lang='lat' dir='ltr'><strong>Mne·</strong></span> <span class='ocrx_word' id='word_1_227' title='bbox 1195 2960 1224 3000; x_wconf 84' lang='lat' dir='ltr'><strong>ao</strong></span> 
     </span>
     <span class='ocr_line' id='line_1_32' title="bbox 167 3026 1183 3111; baseline 0 -19"><span class='ocrx_word' id='word_1_228' title='bbox 167 3026 329 3092; x_wconf 89' lang='lat' dir='ltr'><strong>sicharmo</strong></span> <span class='ocrx_word' id='word_1_229' title='bbox 345 3026 492 3111; x_wconf 86' lang='lat' dir='ltr'><strong>¹aliisque</strong></span> <span class='ocrx_word' id='word_1_230' title='bbox 514 3049 581 3092; x_wconf 88' lang='lat' dir='ltr'><strong>non</strong></span> <span class='ocrx_word' id='word_1_231' title='bbox 602 3026 715 3092; x_wconf 89' lang='lat' dir='ltr'><strong>multis</strong></span> <span class='ocrx_word' id='word_1_232' title='bbox 740 3026 791 3091; x_wconf 93' lang='lat' dir='ltr'><strong>illi</strong></span> <span class='ocrx_word' id='word_1_233' title='bbox 814 3027 987 3093; x_wconf 88' lang='lat' dir='ltr'><strong>violentiae</strong></span> <span class='ocrx_word' id='word_1_234' title='bbox 1011 3049 1183 3092; x_wconf 89' lang='lat' dir='ltr'><strong>occursan-</strong></span> 
     </span>
     <span class='ocr_line' id='line_1_33' title="bbox 166 3114 1180 3200; baseline 0.001 -21"><span class='ocrx_word' id='word_1_235' title='bbox 166 3115 262 3181; x_wconf 88' lang='lat' dir='ltr'><strong>tibus.</strong></span> <span class='ocrx_word' id='word_1_236' title='bbox 317 3114 411 3181; x_wconf 89' lang='lat' dir='ltr'><strong>Nunc</strong></span> <span class='ocrx_word' id='word_1_237' title='bbox 428 3149 432 3158; x_wconf 80' lang='lat'><strong>,</strong></span> <span class='ocrx_word' id='word_1_238' title='bbox 449 3119 557 3180; x_wconf 90' lang='lat' dir='ltr'><strong>autem</strong></span> <span class='ocrx_word' id='word_1_239' title='bbox 593 3138 669 3200; x_wconf 89' lang='lat' dir='ltr'><strong>nos,</strong></span> <span class='ocrx_word' id='word_1_240' title='bbox 706 3137 843 3199; x_wconf 91' lang='lat' dir='ltr'><strong>quorum</strong></span> <span class='ocrx_word' id='word_1_241' title='bbox 882 3117 978 3181; x_wconf 89' lang='lat' dir='ltr'><strong>duces</strong></span> <span class='ocrx_word' id='word_1_242' title='bbox 1015 3115 1180 3200; x_wconf 89' lang='lat' dir='ltr'><strong>roburque</strong></span> 
     </span>
     <span class='ocr_line' id='line_1_34' title="bbox 166 3203 1180 3288; baseline -0.001 -20"><span class='ocrx_word' id='word_1_243' title='bbox 166 3203 285 3268; x_wconf 90' lang='lat' dir='ltr'><strong>virium</strong></span> <span class='ocrx_word' id='word_1_244' title='bbox 308 3223 496 3269; x_wconf 89' lang='lat' dir='ltr'><strong>enumerare</strong></span> <span class='ocrx_word' id='word_1_245' title='bbox 519 3203 650 3269; x_wconf 89' lang='lat' dir='ltr'><strong>difficile</strong></span> <span class='ocrx_word' id='word_1_246' title='bbox 675 3207 733 3288; x_wconf 88' lang='lat' dir='ltr'><strong>est,</strong></span> <span class='ocrx_word' id='word_1_247' title='bbox 756 3204 852 3268; x_wconf 91' lang='lat' dir='ltr'><strong>reniti</strong></span> <span class='ocrx_word' id='word_1_248' title='bbox 875 3203 1060 3269; x_wconf 88' lang='lat' dir='ltr'><strong>Alexandro</strong></span> <span class='ocrx_word' id='word_1_249' title='bbox 1085 3203 1180 3269; x_wconf 90' lang='lat' dir='ltr'><strong>decli-</strong></span> 
     </span>
    </p>
   </div>
   <div class='ocr_carea' id='block_1_7' title="bbox 168 3358 1182 3627">
    <p class='ocr_par' dir='ltr' id='par_1_8' title="bbox 257 3358 679 3416">
     <span class='ocr_line' id='line_1_35' title="bbox 257 3358 679 3416; baseline 0.007 -3"><span class='ocrx_word' id='word_1_250' title='bbox 257 3358 385 3415; x_wconf 78' lang='lat' dir='ltr'><strong>&#39;lcuriae</strong></span> <span class='ocrx_word' id='word_1_251' title='bbox 404 3360 476 3414; x_wconf 77' lang='lat' dir='ltr'><strong>Mai.</strong></span> <span class='ocrx_word' id='word_1_252' title='bbox 505 3375 587 3414; x_wconf 87' lang='lat' dir='ltr'><strong>curae</strong></span> <span class='ocrx_word' id='word_1_253' title='bbox 605 3359 679 3416; x_wconf 64' lang='grc' dir='ltr'><strong>ΑΡ.</strong></span> 
     </span>
    </p>

    <p class='ocr_par' dir='ltr' id='par_1_9' title="bbox 168 3427 1182 3627">
     <span class='ocr_line' id='line_1_36' title="bbox 258 3427 1182 3486; baseline -0.002 -1"><span class='ocrx_word' id='word_1_254' title='bbox 258 3431 286 3485; x_wconf 73' lang='lat' dir='ltr'><strong>l·</strong></span> <span class='ocrx_word' id='word_1_255' title='bbox 315 3436 348 3485; x_wconf 79' lang='lat'><strong>18</strong></span> <span class='ocrx_word' id='word_1_256' title='bbox 367 3429 490 3485; x_wconf 89' lang='lat' dir='ltr'><strong>HuncP.</strong></span> <span class='ocrx_word' id='word_1_257' title='bbox 529 3436 562 3485; x_wconf 88' lang='lat'><strong>18</strong></span> <span class='ocrx_word' id='word_1_258' title='bbox 581 3429 680 3486; x_wconf 91' lang='lat' dir='ltr'><strong>nonP.</strong></span> <span class='ocrx_word' id='word_1_259' title='bbox 709 3430 817 3485; x_wconf 87' lang='lat' dir='ltr'><strong>namA.</strong></span> <span class='ocrx_word' id='word_1_260' title='bbox 856 3435 890 3484; x_wconf 78' lang='lat'><strong>26</strong></span> <span class='ocrx_word' id='word_1_261' title='bbox 909 3428 1040 3484; x_wconf 84' lang='lat' dir='ltr'><strong>exeritA.</strong></span> <span class='ocrx_word' id='word_1_262' title='bbox 1078 3433 1111 3483; x_wconf 78' lang='grc'><strong>27</strong></span> <span class='ocrx_word' id='word_1_263' title='bbox 1132 3427 1182 3483; x_wconf 87' lang='lat' dir='ltr'><strong>sed</strong></span> 
     </span>
     <span class='ocr_line' id='line_1_37' title="bbox 168 3499 1182 3570; baseline -0.001 -16"><span class='ocrx_word' id='word_1_264' title='bbox 168 3501 241 3555; x_wconf 91' lang='lat' dir='ltr'><strong>enim</strong></span> <span class='ocrx_word' id='word_1_265' title='bbox 264 3501 346 3554; x_wconf 90' lang='lat' dir='ltr'><strong>illum</strong></span> <span class='ocrx_word' id='word_1_266' title='bbox 369 3501 483 3570; x_wconf 92' lang='lat' dir='ltr'><strong>quidem</strong></span> <span class='ocrx_word' id='word_1_267' title='bbox 506 3500 608 3555; x_wconf 81' lang='lat' dir='ltr'><strong>Eberb.</strong></span> <span class='ocrx_word' id='word_1_268' title='bbox 645 3499 748 3554; x_wconf 87' lang='lat' dir='ltr'><strong>Persen</strong></span> <span class='ocrx_word' id='word_1_269' title='bbox 770 3499 841 3553; x_wconf 87' lang='lat' dir='ltr'><strong>adeo</strong></span> <span class='ocrx_word' id='word_1_270' title='bbox 865 3500 900 3554; x_wconf 83' lang='lat' dir='ltr'><strong>A.</strong></span> <span class='ocrx_word' id='word_1_271' title='bbox 942 3515 1054 3570; x_wconf 81' lang='lat' dir='ltr'><strong>paona</strong></span> <span class='ocrx_word' id='word_1_272' title='bbox 1076 3501 1123 3553; x_wconf 84' lang='lat' dir='ltr'><strong>clo</strong></span> <span class='ocrx_word' id='word_1_273' title='bbox 1148 3499 1182 3553; x_wconf 88' lang='lat' dir='ltr'><strong>P.</strong></span> 
     </span>
     <span class='ocr_line' id='line_1_38' title="bbox 168 3569 851 3627; baseline 0 -3"><span class='ocrx_word' id='word_1_274' title='bbox 168 3575 203 3624; x_wconf 79' lang='lat'><strong>3³</strong></span> <span class='ocrx_word' id='word_1_275' title='bbox 222 3570 425 3626; x_wconf 85' lang='lat' dir='ltr'><strong>declinabimus</strong></span> <span class='ocrx_word' id='word_1_276' title='bbox 445 3571 519 3627; x_wconf 81' lang='lat' dir='ltr'><strong>Mai.</strong></span> <span class='ocrx_word' id='word_1_277' title='bbox 553 3569 755 3625; x_wconf 88' lang='lat' dir='ltr'><strong>declinavimus</strong></span> <span class='ocrx_word' id='word_1_278' title='bbox 774 3570 809 3624; x_wconf 80' lang='lat' dir='ltr'><strong>A.</strong></span> <span class='ocrx_word' id='word_1_279' title='bbox 818 3569 851 3624; x_wconf 92' lang='lat' dir='ltr'><strong>P.</strong></span> 
     </span>
    </p>
   </div>
   <div class='ocr_carea' id='block_1_8' title="bbox 0 0 1330 3920">
    <p class='ocr_par' dir='ltr' id='par_1_10' title="bbox 0 0 1330 3920">
     <span class='ocr_line' id='line_1_39' title="bbox 0 0 1330 3920; baseline 0 0"><span class='ocrx_word' id='word_1_280' title='bbox 0 0 1330 3920; x_wconf 95' lang='lat' dir='ltr'><strong> </strong></span> 
     </span>
    </p>
   </div>
  </div>
 </body>
</html>
