2648 3924
459 201 587 258 OBITUS
607 200 829 256 ALEXANDRI.
1086 203 1149 268 149

138 364 178 429 de
206 363 274 428 eius
303 362 401 426 exitio
430 363 634 447 consultatis,
663 363 759 428 modo
787 367 824 428 ut
852 385 909 430 vos
938 367 1064 449 gratiae
1086 388 1150 430 me·

138 473 245 517 mores
276 454 598 535 remuneraturosque
630 453 666 516 in
698 456 865 535 posterum
897 452 980 516 mihi
1011 476 1069 519 vos
1102 475 1156 518 se-'

138 541 214 604 dulo
237 536 458 624 promittatis?
497 538 593 604 Sedet
617 541 750 623 sponsio
774 540 989 606 adolescentia
1012 546 1045 606 et
1068 541 1149 607 Oan-

138 629 217 693 dace
240 627 389 712 protinus
417 628 540 691 inventi
563 628 767 713 prudentiam
791 629 1020 695 demirabatur.
1065 631 1148 695 Rur-

138 738 257 800 susque
288 718 425 780 secreto:
456 713 608 780 ‘Utinam
616 766 625 800 ‚
655 715 839 782 Alexander
868 717 929 801 mi,
959 721 991 782 te
1022 739 1176 803 quoquae

88 842 91 846 ·
138 805 239 870 velles
265 803 496 868 adnumerum
520 805 603 868 mihi
627 805 742 869 addere
761 805 917 870 filiorum!
959 805 1038 882 Quis
1063 807 1149 871 enim

138 893 266 958 dubitet
299 895 376 956 tunc
407 892 536 956 demum
571 893 641 956 fore
672 890 851 958 Oandaoem
887 894 976 958 orbis
1006 894 1149 960 universi

137 983 299 1067 reginam,
328 980 455 1044 situlis
481 1002 606 1064 quoque
630 985 734 1045 mater
757 982 817 1046 filii
840 983 1030 1065 putaretur?
1075 982 1149 1068 Ego

121 1072 202 1134 'iam
231 1069 325 1134 credo
353 1089 421 1133 non
447 1071 481 1132 te
508 1069 582 1153 plus
612 1070 698 1134 ferro
723 1071 775 1134 vel
802 1071 937 1154 proeliis
966 1093 1064 1154 quam
1087 1071 1149 1137 hac

137 1163 196 1222 tua
218 1162 288 1222 tam
311 1157 432 1222 celebri
454 1157 626 1240 prudentia
644 1159 795 1243 gentibus
815 1161 1028 1242 praestitisse.
1066 1159 1148 1226 Oon-
1165 1181 1189 1220 10

137 1248 232 1312 firmo
251 1246 354 1330 igitur
372 1244 435 1309 tibi
454 1266 565 1310 rursus
586 1247 719 1311 eandem
738 1247 827 1311 illam
846 1248 942 1312 fidem
962 1249 1149 1332 sponsionis

137 1357 228 1399 meae
256 1355 360 1449 peque
387 1338 435 1417 te,
462 1337 499 1397 ut
522 1356 573 1399 res
597 1339 662 1419 est,
689 1337 887 1400 noscendum
912 1337 1052 1420 cuipiam
1075 1359 1148 1420 pro-

136 1423 263 1488 fitebor.

227 1509 285 1576 42.
314 1511 403 1595 Ergo
427 1514 503 1594 post
526 1532 646 1594 paucos
670 1511 841 1576 admodum
865 1512 933 1577 dies
957 1513 1148 1597 digredienti
1167 1524 1212 1575 66.

137 1600 194 1664 dat
219 1599 375 1664 secretius
402 1620 549 1664 munera:
579 1621 729 1664 coronam
757 1621 887 1664 auream
919 1601 1146 1666 adamantibus
1161 1621 1187 1662 15

138 1692 359 1752 coruscantem
378 1709 510 1770 prorsus
530 1710 567 1752 ac
586 1689 615 1752 si
633 1689 766 1772 regiam,
784 1689 951 1754 thoracam
965 1690 1090 1753 varium
1110 1711 1148 1754 ex

138 1776 313 1840 unionibus
344 1775 559 1860 beryllisque,
589 1775 794 1860 chlamydem
825 1777 924 1842 etiam
952 1799 1147 1861 purpuream

138 1865 358 1948 intentamque
388 1886 480 1946 auro,
510 1865 637 1949 aliaque
664 1867 833 1949 praeterea
861 1888 932 1931 curn
960 1867 1147 1932 testimonio

138 1952 279 2038 publico,
303 1973 384 2037 quae
408 1953 448 2016 ad
473 1953 651 2017 satellitem
673 1955 887 2039 pertinerent,
913 1955 1066 2039 iubetque
1089 1955 1147 2020 ho-

138 2042 258 2104 minem
289 2040 402 2104 deduci
432 2063 469 2106 eo
503 2048 536 2106 et
567 2063 626 2125 per
659 2047 746 2106 satra
771 2065 807 2106 ac
837 2043 1043 2127 vicissimque
1073 2065 1188 2128 pro-ac

137 2129 259 2194 fectum
282 2129 445 2213 repedare,
469 2152 533 2213 quo
556 2134 698 2194 venerat.
743 2066 809 2197 ilbi
832 2131 933 2215 igitur
957 2133 997 2194 ad
1020 2130 1052 2194 id
1093 2137 1192 2192 XXIV.

137 2218 202 2282 loci
225 2216 409 2281 Alexander
432 2219 533 2296 venit,
562 2240 642 2302 quas
666 2215 848 2283 Candaules
878 2219 908 2282 ei
935 2219 1069 2283 deorum
1094 2218 1147 2283 do-

137 2328 209 2370 mus
238 2327 310 2370 esse
338 2305 504 2369 confessus
533 2312 595 2388 est,
626 2310 734 2388 sperat
762 2328 857 2388 posse
885 2306 954 2371 illic
983 2306 1044 2370 sibi
1072 2328 1146 2375 cum

136 2394 197 2458 diis
225 2393 467 2458 immortalibus
496 2395 594 2458 verba
621 2395 706 2476 {term
737 2416 776 2458 ex
806 2393 1024 2477 praesentium
1054 2396 1146 2478 copia

137 2483 269 2566 opipare
313 2481 513 2562 sacrificatus
552 2481 672 2546 ibidem
714 2483 968 2567 convivatusque
1014 2483 1147 2547 adhibet
1160 2505 1186 2544 25

138 2571 235 2634 etiam
259 2592 297 2634 ex
322 2570 493 2634 comitibus
518 2592 615 2653 quam
638 2571 860 2653 paucissimoa
894 2571 1029 2634 {nterea
1047 2571 1147 2635 inter-

135 2659 244 2722 venire
263 2659 421 2744 quasdam
440 2659 618 2723 formarum
643 2658 767 2743 effigies
787 2658 875 2723 videt
897 2659 988 2724 tenui
1008 2661 1146 2744 quidem,

225 2848 345 2904 lexitio
363 2850 400 2904 A.
428 2849 506 2903 exitu
524 2850 572 2903 P.·
616 2851 931 2918 2remuneraturosque
952 2851 1027 2906 Mai.
1055 2869 1146 2906 remu-

135 2921 303 2987 neratosque
313 2920 348 2974 A.
367 2922 614 2988 renumeratosque
626 2921 661 2976 P.
699 2927 714 2976 3
734 2921 820 2975 Sedet
833 2922 941 2990 scripsi.
966 2922 1016 2977 sed
1030 2925 1059 2976 ct
1067 2922 1102 2976 A.
1111 2923 1145 2976 P.

135 2987 320 3044 adolescentie
338 2991 437 3058 scripsi
444 3010 454 3056 ;
473 2989 586 3059 sponsio
607 2991 778 3046 adolescenti
792 2992 824 3046 P.
854 2993 1030 3061 sponsionem
1051 2993 1146 3047 adolo-

135 3075 211 3114 scens
222 3062 257 3114 A.
301 3065 317 3114 5
337 3063 473 3115 secretum
483 3061 516 3115 P.
560 3067 575 3115 '1
594 3063 652 3116 fore
667 3061 823 3117 Candacem
833 3063 869 3117 A.
888 3063 947 3118 fere
967 3062 1092 3117 Candace
1111 3063 1145 3116 P.

134 3129 229 3199 8Ego
248 3133 284 3185 A.
312 3131 387 3200 Ergo
408 3131 442 3185 P.
480 3132 569 3186 9hac
588 3135 638 3186 tua
656 3135 715 3188 tam
735 3131 838 3187 celebri
856 3132 1008 3202 prudentia
1019 3134 1052 3186 P.
1081 3136 1146 3186 actu

17 3235 19 3242 ·
134 3199 219 3254 etiam
238 3201 357 3256 celebris
375 3202 541 3270 prudentiae
559 3205 595 3257 A.
641 3209 672 3257 11
692 3204 776 3258 fidem
795 3219 844 3257 om.
864 3204 896 3258 P.
944 3209 976 3256 12
995 3207 1023 3256 te
1042 3220 1092 3258 om.
1112 3203 1145 3258 P.

133 3272 264 3340 profiteor
283 3272 314 3326 P.
1156 3316 1160 3326 .

222 3340 270 3397 42.
291 3349 322 3396 15
343 3349 457 3398 auream
475 3359 525 3398 om.
546 3343 580 3397 P.
624 3350 656 3396 16
675 3345 771 3396 toraca
790 3343 823 3396 P.
868 3349 901 3397 19
919 3344 1092 3412 pertinerent
1110 3344 1145 3398 A.

134 3410 256 3466 lacerent
275 3414 307 3467 P.
365 3421 398 3467 21
418 3413 552 3483 repedare
572 3430 622 3468 om.
642 3414 674 3467 P.
710 3431 764 3481 quo
784 3413 819 3466 A.
828 3413 862 3470 P.
888 3414 978 3468 unde?
1035 3421 1070 3470 24
1090 3414 1145 3468 diis

133 3480 339 3538 immortalibus
359 3485 393 3539 A.
419 3485 583 3538 demonibus
602 3485 633 3538 P.
666 3483 726 3537 fieri
746 3485 851 3539 addidi.
902 3490 937 3538 25
957 3485 1093 3558 oppipare
1112 3487 1144 3541 P.

134 3553 242 3622 opinari
261 3555 294 3606 A.
370 3561 404 3610 27
423 3555 572 3609 formarem
593 3555 627 3608 P.
655 3571 705 3610 om.
725 3554 762 3611 A.
