2650 3920
466 237 583 294 AGTUS
602 237 825 297 ALEXANDRI.
1088 237 1152 302 103

71 453 74 460 .
135 423 210 467 oum
241 400 412 465 ornatibus
442 401 583 485 propriis
616 421 820 486 consequere.
874 400 978 477 Quare
1013 402 1152 486 acceptis

136 489 188 557 his
212 488 341 574 litteris,
366 509 407 554 ne
431 491 617 574 versaveris,
641 511 768 575 quaeso,
792 489 969 555 vertoriave
991 491 1056 554 tale
1081 511 1153 555 con·

137 577 261 658 silium3
289 579 368 662 quin
391 582 565 662 properato
590 579 630 642 ad
653 600 712 643 nos
735 578 847 644 venias
870 599 935 643 una
958 599 1032 642 cum
1054 579 1153 661 hisce,

137 670 175 732 ut
198 666 273 749 dixi,
298 666 460 752 gentibus,
483 687 566 750 quae
584 667 671 732 circa
689 666 805 732 Indum
830 665 960 732 colunt?
1002 665 1049 730 nt
1072 667 1152 731 haec

136 754 266 840 quidem
290 755 417 819 Darius.
1165 775 1178 816 s

227 841 285 908 31.
310 841 374 908 Sed
393 842 614 908 Alexandrum
637 844 704 908 ista
725 863 931 927 nequaquam
954 843 1079 906 latuere
1098 842 1153 906 do·
1173 853 1217 904 34.

136 936 226 996 etum
245 951 284 996 ex
302 929 472 1016 transfuga
490 932 590 996 Persa
609 933 760 1016 quodam.
798 931 903 1008 Quare
923 935 1035 996 coacta
1054 953 1154 995 manu

4 1022 27 1048 *²
136 1021 178 1085 ad
200 1020 350 1104 regiones
368 1019 512 1086 Medicas
536 1020 650 1105 tendit,
673 1021 873 1107 comperiens
893 1017 1030 1084 Darium
1050 1018 1153 1084 Elaba-

135 1109 223 1172 tanis
247 1127 341 1192 agere
367 1109 467 1192 [quod
490 1131 608 1174 nomen
632 1111 721 1195 genti
745 1112 819 1191 est].
861 1107 993 1173 Omissa
1016 1107 1153 1191 denique

137 1196 218 1262 Asia
240 1196 316 1281 iter,
340 1197 425 1280 quod
444 1197 646 1282 instituerat,
669 1198 848 1263 festinabat
872 1199 952 1262 satis
976 1196 1193 1261 adserenti-10

137 1286 198 1350 bus
218 1285 437 1368 internuntiis,
456 1285 542 1369 quod
561 1286 589 1349 si
604 1286 723 1350 Darius
742 1285 871 1370 fugiens
888 1289 1001 1368 portas
1017 1284 1152 1370 Caspias
1263 1314 1266 1320 ’

136 1373 341 1458 intravisset,
369 1373 568 1438 inefficacem
597 1375 687 1438 illam
711 1375 945 1438 insecutionem
969 1373 1154 1438 Alexander

135 1464 310 1528 laboraret.
343 1460 433 1537 Quae
448 1462 578 1545 quidem
597 1462 697 1526 etiam
716 1465 796 1539 tum,
816 1461 916 1526 veluti
936 1483 1050 1545 parum
1064 1462 1154 1526 fideli

137 1573 285 1616 sermone
315 1550 488 1634 acciperet,
516 1549 614 1614 dubia
641 1571 698 1614 rex
727 1550 962 1632 arbitrabatur3
993 1549 1048 1614 sed
1079 1571 1152 1614 oum

4 1687 6 1696 .
70 1691 73 1696 ,
137 1640 285 1704 Baianus
309 1639 449 1722 quidam,
473 1638 637 1702 eunuchus
661 1639 784 1722 regius,
806 1637 1038 1722 transfugisset
1059 1638 1152 1720 isque
1168 1656 1195 1697 15

135 1729 256 1792 certius
281 1730 464 1791 enarrasset
487 1726 623 1791 Darium
646 1727 795 1810 protinus
819 1726 1015 1812 fugiturum,
1043 1726 1153 1791 addita

137 1820 188 1880 est
210 1815 397 1880 Alexandro
420 1817 615 1900 properatio.

227 1903 371 1968 Aderant
398 1907 476 1969 tunc
500 1903 600 1969 Dario
627 1903 741 1990 fugam
770 1902 919 1968 molienti
944 1905 1097 1987 satrapae
1146 1908 1205 1964 XX.

135 1993 209 2074 duo,
232 2013 371 2077 quorum
398 2013 516 2057 nomen
543 1993 638 2057 alteri
661 1992 761 2057 Besas
786 1995 870 2076 erat,
898 1989 981 2056 alius
1005 2011 1082 2055 vero
1106 1991 1152 2054 di-

135 2086 207 2146 etus
228 2081 474 2146 Ariobarzanes.
515 2079 569 2166 Hi,
593 2101 666 2146 cum
689 2081 757 2145 iam
780 2081 965 2145 rumoribus
990 2079 1149 2144 calidiori·
1165 2101 1192 2142 eo

135 2171 197 2235 bus
226 2169 339 2235 adesse
362 2169 546 2234 Alexander
575 2170 794 2252 nuntiaretur,
822 2169 885 2232 rati
915 2190 949 2232 se
977 2168 1153 2250 plurimum

136 2259 171 2322 in
199 2258 342 2341 gratiam
369 2258 556 2340 provisuros
585 2279 656 2322 esse
684 2256 831 2340 victoris,
860 2257 887 2319 si
915 2275 1027 2319 necem
1051 2253 1152 2320 Dario

136 2344 340 2430 intulissent,
367 2365 477 2430 regem
508 2367 601 2410 suum
629 2345 664 2408 in
693 2367 752 2409 sua
775 2343 867 2426 regia
890 2343 1073 2408 solitarium
1097 2365 1152 2426 op·

136 2434 282 2518 primunt
307 2437 339 2496 et
363 2433 505 2497 letaliter
523 2433 696 2498 vulnerant
719 2453 757 2498 ao
781 2433 809 2496 si
832 2432 898 2496 iam
917 2435 1082 2496 mortuum
1103 2431 1154 2496 de-

135 2522 324 2605 relinquunt
355 2522 577 2586 cautissimum
604 2520 853 2604 confirmantes,
886 2519 914 2583 si
942 2520 1104 2604 tantisper
1132 2541 1192 2585 aaa

135 2613 312 2693 conspectu
327 2608 503 2674 Alexandri
517 2609 738 2692 recessissent,
757 2608 906 2673 donicum
919 2607 999 2672 illud
1016 2607 1152 2692 facinus,

136 2699 222 2783 quod
241 2701 479 2782 perpetrarant,
498 2701 536 2762 ut
553 2697 658 2763 victor
675 2696 899 2782 perpenderet,
918 2697 1152 2783 divulgaretur.

227 2889 357 2945 3his'P.
430 2889 577 2944 tludiam
596 2891 632 2944 A.

225 2960 273 3016 al.
295 2967 310 3016 7
328 2977 410 3030 persa
423 2961 460 3015 A.
479 2978 530 3030 per
548 2976 578 3014 se
592 2961 625 3014 P.
672 2965 701 3015 ,Β
719 2959 870 3014 Ecbatanis
885 2960 949 3015 Mai
963 2961 1033 3016 coni.
1052 2959 1083 3012 in
1101 2959 1151 3012 Ba·

136 3031 208 3104 lanis
227 3031 264 3085 A.
287 3031 317 3085 in
336 3031 472 3086 Bethania
494 3031 525 3085 T.
533 3031 567 3086 P.
615 3037 631 3086 9
651 3030 757 3100 gentile
779 3031 809 3084 T.
839 3031 927 3086 Verbo
945 3033 1026 3086 aneis
1043 3030 1153 3084 inclusa

135 3103 234 3172 aptum
252 3104 353 3157 iudico.
383 3099 515 3156 ammissa
534 3103 569 3156 A.
623 3108 656 3156 10
675 3101 819 3156 institerat
837 3101 870 3156 P.
915 3107 948 3154 12
967 3101 1101 3155 intrasset
1119 3101 1152 3155 P.

136 3171 341 3228 insecutionem
358 3173 389 3226 Τ.
412 3173 650 3227 inexseoutionem
664 3173 699 3227 A.
718 3171 927 3227 inexoutionem
941 3173 974 3226 P.
1054 3176 1088 3224 14
1107 3186 1153 3224 ac-

136 3246 251 3314 ceperat
268 3244 300 3299 P.
330 3242 416 3297 dubia
434 3240 506 3298 Mai.
533 3243 618 3298 dubie
636 3243 671 3298 A.
679 3244 712 3298 P.
769 3243 905 3311 itiaque
925 3242 959 3296 P.
1014 3247 1047 3296 19
1067 3243 1152 3296 Besae

136 3315 215 3384 Epir.
239 3314 308 3368 beas
327 3315 362 3370 A.
387 3314 469 3368 bases
491 3313 525 3369 P.
598 3319 633 3369 20
651 3311 851 3369 Ariobarzanes
866 3314 901 3367 A.
921 3313 1101 3367 ariobazanes
1116 3312 1152 3364 P.

137 3390 170 3440 21
186 3385 375 3440 Alexandrum
383 3385 416 3438 P.
453 3389 486 3438 22
506 3383 667 3453 provisuros
683 3385 766 3440 Codd.
786 3385 989 3454 proventuros?
1007 3381 1153 3452 provenire

136 3456 215 3524 Epa.
288 3461 323 3509 24
342 3471 374 3510 ae
394 3455 605 3510 semimortuum
628 3455 728 3523 Klape.
806 3452 1054 3508 recentissimum
1080 3453 1110 3505 Τ.
1119 3452 1153 3504 Ρ.

135 3526 325 3580 castissimum
338 3525 374 3582 A.
425 3531 460 3580 26
479 3525 660 3580 secessissent
676 3527 707 3580 T.
765 3530 799 3579 27
818 3525 1016 3594 perpetrarunt
1032 3523 1064 3575 Τ.
1089 3537 1154 3589 per-

137 3597 263 3666 petraret
275 3597 311 3650 A.
337 3600 534 3667 perpetrarent
548 3598 581 3651 P.
601 3597 701 3652 uacari.
723 3597 797 3652 Mai.
834 3597 866 3648 ut
886 3594 920 3648 P.
950 3596 978 3646 et
996 3593 1032 3646 A.
