2650 3920
155 226 219 290 120
571 193 682 280 arana
699 225 746 279 111.

153 389 187 453 id
211 408 312 473 genus
336 387 466 452 aedium
494 408 598 473 neque
625 387 723 472 pretii
747 387 871 451 scilieet
898 385 1048 471 indigens
1072 389 1170 453 etad

29 503 33 511 ·
153 477 362 563 flagrantiam
388 477 466 541 solis
491 476 606 541 aestivi
627 475 767 560 apricius
786 474 978 541 habebatur.
1014 475 1043 539 Ii
1067 477 1168 562 igitur
1187 485 1220 541 V.

155 589 228 632 oum
243 564 479 649 comperissent
493 563 717 629 Alexandrum
736 563 777 628 ad
792 585 862 628 sese
882 565 1085 649 contendere,
1103 566 1168 651 pri·

154 659 257 720 mates
281 675 371 738 suos,
394 675 476 739 quos
505 652 629 718 scilicet
656 674 676 716 a
705 651 883 738 sapientiae
906 653 1003 718 modo
1026 659 1168 737 censent,

120 743 287 808 acbviare
318 742 505 807 adventanti
534 741 649 806 iubent
678 762 751 804 eum
780 741 901 806 litteris
931 740 1174 807 huiuscemodi:

154 831 466 915 ‘Gymnosophistae
485 828 686 915 Bragmanae
700 829 884 894 Alexandro
904 829 1029 894 homini
1047 831 1167 897 dicunt.
1186 843 1233 896 17.

154 917 189 985 Si
211 920 318 999 tendis
342 918 383 984 ad
405 940 466 984 nos
489 918 722 1002 proeliaturus,
745 919 855 1003 utique
878 919 940 982 tibi
963 920 1172 1002 propositum.

154 1012 219 1092 eet,
246 1008 324 1094 quid
353 1008 449 1072 nobis
478 1007 622 1089 adferas,
649 1007 749 1070 habes
777 1028 892 1090 porro,
923 1006 1009 1090 quod
1033 1009 1170 1091 auferas,

154 1097 246 1162 nihil.
285 1094 342 1162 Sin
365 1117 441 1161 vero
464 1095 555 1161 venis
579 1099 616 1159 ut
639 1095 755 1177 discas,
778 1116 860 1180 quae
884 1096 1022 1160 anobis
1047 1097 1172 1161 scilieet,

115 1186 233 1251 resciri
256 1187 389 1270 queant,
416 1185 507 1249 nulla
536 1187 586 1248 est
608 1183 795 1248 invidentia.
841 1183 974 1249 Etenim
996 1205 1061 1250 non
1086 1186 1170 1250 arbi·

155 1279 282 1340 tramur
299 1274 386 1337 inter
403 1272 499 1338 hasce
519 1272 670 1337 scientias
689 1276 819 1336 nostras
839 1294 972 1338 eausam
991 1273 1173 1340 discordiae

154 1363 306 1446 positam,
330 1383 405 1426 cum
422 1361 485 1426 tibi
503 1360 609 1426 amica
631 1383 683 1426 res
700 1363 869 1445 proelium,
893 1361 987 1426 nobis
1006 1383 1082 1426 vero
1102 1362 1171 1446 phi-

154 1451 305 1536 losophia
332 1449 512 1516 noscatur?
564 1448 626 1514 His
660 1449 754 1514 lectis
787 1449 973 1514 Alexander
999 1449 1172 1534 pacificum

154 1538 217 1604 iter
240 1559 335 1624 agere
360 1539 518 1623 decrevit3
548 1535 700 1622 videtque
728 1537 876 1604 homines
904 1537 1028 1622 reliqua
1056 1537 1171 1618 nudos,

115 1649 143 1692 15
157 1628 213 1694 sed
246 1630 367 1694 amictu
401 1627 541 1712 simplici
573 1627 789 1711 supernates,
822 1626 1086 1710 diversantesque
1118 1627 1171 1690 his

155 1718 288 1782 aedibus
303 1739 360 1782 seu
375 1716 548 1801 speluncis,
568 1738 705 1799 quarum
718 1715 834 1780 relatio
849 1738 948 1800 supra
962 1719 1020 1780 est
1047 1715 1174 1780 Eorum

154 1805 215 1868 filii
238 1807 455 1887 coniugesque
477 1802 648 1887 pascendis
671 1803 850 1886 pecudibus
875 1805 1126 1888 occupabantur.
1216 1869 1219 1874 .

223 1957 226 1960 .
246 1890 303 1956 ll.
317 1891 408 1975 Ergo
422 1890 567 1955 instituit
576 1890 711 1954 Macedo
726 1911 799 1954 oum
806 1890 1062 1956 hiscehactenus
1073 1892 1172 1978 loqui,
1190 1900 1239 1956 VI.

155 2000 192 2044 ao
210 1980 351 2063 primum
368 1979 525 2062 [qaaerit],
540 2000 587 2042 an
605 1978 732 2061 uspiam
746 1977 841 2042 huius
860 1977 967 2062 gentis
985 1979 1171 2045 hominibus
1191 1977 1237 2029 18.

114 2068 222 2132 ausint
241 2066 421 2151 sepulchra.
461 2067 514 2131 Ad
536 2066 617 2130 haec
635 2087 827 2150 responsum
846 2069 905 2149 eet,
928 2065 1015 2131 idem
1035 2067 1098 2131 sibi
1117 2068 1170 2132 do

155 2156 310 2222 micilium
334 2151 412 2240 esse,
435 2156 523 2240 quod
546 2155 761 2240 sepulchrum,
784 2175 884 2239 eoque
909 2155 1100 2220 consuefieri
1118 2157 1170 2222 his

155 2245 357 2327 diversoriis,
384 2248 422 2309 ut
449 2245 526 2309 dum
553 2243 696 2328 quotidie
724 2243 905 2328 dormiunt,
933 2244 1085 2309 desinant
1113 2245 1171 2310 ali-

159 2334 287 2419 quando
310 2333 461 2419 vigilare,
484 2353 586 2419 exque
611 2353 649 2397 eo
673 2333 736 2396 sibi
759 2353 830 2398 esse
852 2355 951 2398 unam
971 2332 1103 2398 domum
1127 2335 1174 2399 vi«

156 2424 248 2488 venti
281 2423 406 2508 pariter
443 2425 477 2488 et
507 2425 646 2487 mortuo.
700 2421 826 2486 Rursus
859 2422 986 2508 quaerit
1022 2443 1061 2488 ex
1098 2423 1172 2501 alio,

115 2516 307 2577 neutrumne
338 2512 447 2595 plures
475 2512 541 2577 vivi
575 2532 615 2575 an
652 2513 773 2575 mortui
809 2515 1007 2594 putarentur.
1058 2510 1110 2575 Ad
1138 2511 1173 2575 id

155 2621 350 2685 responsum
374 2605 438 2685 est,
462 2600 565 2674 videri
590 2599 720 2684 quidem
743 2599 903 2684 plurimos
927 2603 1086 2682 mortuos,
1115 2599 1175 2662 sed·

245 2883 261 2932 a
282 2877 372 2933 estiva
391 2857 502 2948 ..pura
520 2880 556 2934 A.
584 2878 678 2948 aptius
697 2879 768 2934 nar.
800 2879 850 2933 nu
868 2879 903 2934 A.
929 2893 979 2932 om.
996 2878 1030 2932 P.
1079 2885 1095 2932 a
1114 2877 1172 2948 pri-

155 2950 247 3005 matos
266 2949 299 3005 P.
361 2951 508 3004 Acestent
525 2950 561 3003 A.
625 2949 807 3005 oadventati
825 2950 861 3003 A.
895 2955 959 3018 poet
977 2948 1172 3005 huiuscemodi
1237 2993 1241 3000 .

155 3022 288 3076 amariter
301 3021 334 3075 ia
347 3021 398 3074 A:
417 3018 594 3074 EPISTOLA
609 3018 1002 3076 GYMNOSOPHISTARUM
1015 3018 1067 3073 AD
1085 3019 1172 3074 Ana-

155 3090 349 3148 XANDRVM.
387 3098 403 3145 6
423 3089 669 3161 Gimnoeophistae
688 3092 875 3161 Dragmantee
887 3091 923 3144 A.
947 3093 1127 3160 tragmannee
1136 3091 1171 3146 P.

157 3168 171 3216 'l
190 3163 289 3232 ntique
303 3162 359 3218 tibi
371 3161 564 3232 praepositum
579 3163 665 3217 estA.
688 3160 787 3230 utique
801 3160 856 3216 tibi
868 3160 1015 3231 proposito
1024 3162 1056 3216 P.
1075 3162 1172 3216 inutili

155 3232 209 3287 tibi
227 3231 375 3302 proposito
394 3234 454 3289 Mr.
507 3232 638 3288 9veniee
658 3233 689 3288 P.
746 3239 779 3287 10
797 3249 853 3287 non
872 3249 922 3288 om.
942 3231 977 3286 A.
1035 3238 1068 3286 14
1086 3248 1171 3302 agere

156 3303 312 3426 decreverlit
320 3304 356 3357 A.
376 3304 577 3374 aggrederetur
586 3304 619 3359 P.
638 3320 708 3359 corr.
722 3305 797 3358 Mel.
835 3308 868 3357 15
888 3304 1171 3372 deversanteequeA.

158 3379 258 3426 loseu
306 3391 417 3429 ,secus
435 3376 471 3430 A.

247 3443 295 3497 11.
319 3448 353 3499 18
372 3445 417 3499 hie
437 3445 471 3501 P.
541 3450 574 3500 19
594 3445 705 3514 quaerit
723 3446 830 3500 addidi.
898 3451 932 3499 22
952 3448 985 3500 ut
1003 3445 1062 3500 Mr.
1091 3447 1120 3500 et
1138 3444 1179 3499 P·

157 3510 205 3562 sed
223 3511 259 3565 A.
301 3517 336 3566 25
354 3514 413 3568 viri
432 3517 466 3571 P.
490 3517 617 3572 viverent
634 3516 671 3570 A.
697 3517 733 3570 ad
752 3515 838 3584 idque
857 3517 892 3570 A.
935 3522 970 3571 26
988 3518 1068 3572 certo
1088 3517 1172 3572 ‘mor-

76 3633 96 3664 ,ι
112 3636 131 3666 ,ὅ
156 3580 232 3632 tuos'
253 3581 353 3663 irrepit
371 3585 486 3640 alterum
503 3587 602 3653 solium
620 3587 784 3642 Basileeuse.
803 3588 854 3642 sed
872 3589 902 3641 et
920 3605 967 3642 eoa
986 3589 1022 3642 B.
