2648 3924
180 183 243 248 128
596 180 705 236 LIBER
723 181 770 236 ΙΙΙ.

177 347 419 430 tulc'gemmeo
444 343 696 429 superscriptam
724 344 809 409 hanc
833 343 1041 410 sententiam:
1069 343 1188 428 ‘Aqua-

178 435 301 499 tionem
329 435 413 498 hanc
440 455 498 497 rex
521 431 734 499 Seconchosis
763 433 851 498 orbis
875 433 1017 497 universi
1040 432 1190 516 praestiti

179 523 303 589 cunctis
320 521 467 587 Rubrum
488 522 719 606 navigantibus
738 520 848 587 mare?
884 520 992 606 Igitur
1014 521 1096 586 iussi
1118 543 1190 605 pro-

179 615 252 696 pter
283 612 345 677 hoc
378 617 532 696 stagnum
568 613 678 675 castra
714 609 868 675 constitui
906 611 1061 694 ignesque
1094 631 1190 694 quam
1293 615 1309 668 2¹

144 724 159 764 e
179 700 390 766 creberrimos
414 700 492 764 fieri.

269 787 327 855 19.
364 788 498 853 Etiam
520 787 626 853 noctis
650 787 751 852 ferme
774 788 855 852 hora
877 787 976 851 tertia
999 787 1191 852 numeraba-
1210 796 1251 847 31.

177 881 232 942 tur
259 877 471 961 inlustrisque
501 875 674 941 admodum
707 877 786 940 luna
814 876 898 940 nihil
926 876 1034 940 diurni
1061 875 1190 940 luminis
1308 877 1309 925 ἶ

179 965 376 1048 demutaret,
399 987 470 1030 cum
495 964 603 1030 subito
627 965 853 1049 conspicamur
875 963 1015 1048 undique
1039 963 1192 1029 exomni

180 1055 276 1138 silva,
300 1075 382 1138 quae
406 1054 677 1138 circumsteterat,
702 1054 823 1118 bestias
843 1052 998 1136 quasdam
1023 1053 1063 1117 ad
1086 1053 1190 1137 ripam

139 1169 166 1209 ιο
181 1143 290 1227 stagni
317 1147 414 1226 potus
443 1142 549 1227 gratia
573 1141 811 1208 contendentes.
856 1141 962 1206 Erant
987 1163 1044 1206 eae
1067 1142 1190 1206 bestiae

179 1231 298 1315 scorpii
322 1231 450 1314 quidem
474 1253 539 1295 non
564 1231 670 1294 minus
693 1230 932 1316 plroccritudine
957 1230 1101 1310 cubitali,
1125 1251 1190 1294 am·
1308 1237 1309 1240 ’

179 1319 332 1403 modytae
355 1319 454 1383 etiam
478 1319 544 1384 albi
568 1319 676 1383 colore
699 1319 750 1383 vel
775 1319 857 1403 rufi,
873 1340 932 1384 nec
955 1339 1022 1384 non
1046 1321 1190 1383 cerastae
1305 1395 1306 1406 χ

179 1407 340 1472 coloribus
364 1412 401 1472 ut
425 1429 524 1492 supra
547 1408 693 1473 diversis
734 1405 840 1482 Quare
863 1407 1047 1472 vehementi
1070 1406 1190 1472 sollici·
1305 1409 1307 1435 ²

178 1496 288 1561 tudine
311 1496 438 1561 incitati
461 1497 747 1581 conspicantesque
771 1497 836 1560 iam
859 1501 1046 1561 nostrorum
1065 1495 1191 1580 aliquot

139 1610 165 1651 rs
178 1585 392 1669 interemptos
419 1585 549 1650 fletibus
573 1585 712 1669 undique
735 1586 988 1650 consonantibus
1012 1585 1190 1667 periculum
1305 1630 1307 1673 ἲ

179 1674 435 1758 opperiebamur.
476 1673 733 1757 Insequebantur
755 1673 846 1738 enim.
864 1673 1047 1758 praedictas
1069 1672 1190 1737 bestias
1306 1694 1307 1700 ¹

179 1763 276 1826 etiam
306 1761 528 1845 quadrupedes
557 1763 670 1826 beluae
693 1760 914 1846 vehementes,
941 1765 1038 1846 potus
1066 1761 1190 1826 scilicet

170 1851 410 1915 consuetudine
438 1871 476 1914 ao
502 1851 696 1914 necessitate
724 1852 780 1915 illo
803 1850 984 1931 venientes,
1012 1871 1093 1935 quae
1122 1851 1190 1934 qui·
1304 1844 1306 1859 '

178 1938 250 2002 dem
271 1942 364 2002 crant
383 1939 492 2003 leones
516 1960 613 2023 supra
632 1938 889 2024 magnitudinem
907 1943 1085 2020 taurorum,
1110 1960 1189 2022 quos
1306 2005 1307 2016 ¹

137 2051 166 2092 so
179 2048 218 2090 ex
245 2027 447 2092 nostratibus
475 2028 635 2092 maximos
659 2028 818 2112 ducimus,
844 2028 1066 2092 rhinocerotes
1090 2028 1191 2092 etiam

178 2115 229 2178 vel
248 2116 319 2199 apri
338 2116 389 2180 vel
408 2115 510 2200 pardi,
533 2117 643 2200 lynces
664 2138 789 2200 quoque
810 2120 843 2181 et
865 2115 1001 2202 tigrides
1021 2116 1191 2200 scorpiuri·

179 2224 239 2287 que
262 2225 327 2268 una
350 2204 530 2287 elephantis
555 2209 587 2269 et
611 2205 743 2290 bucriis3
771 2208 847 2270 tunc
871 2204 1133 2288 taurelephantes
1157 2210 1190 2269 et

179 2313 252 2356 cum
275 2292 326 2358 his
353 2293 500 2358 homines
528 2293 614 2358 senis
642 2294 792 2358 manibus
820 2293 1036 2378 portentuosi3
1064 2293 1190 2358 himan-

178 2380 314 2464 topodes
347 2383 445 2446 etiam
480 2385 513 2446 et
545 2382 776 2465 cyliopcrdices
811 2383 977 2466 multaque
1011 2381 1190 2446 formarum

136 2491 165 2534 se
178 2469 393 2535 humanarum
418 2490 538 2555 genera
560 2470 736 2537 invisitata.

267 2558 326 2624 20.
357 2559 464 2645 Igitur
487 2559 708 2626 excitabamur
731 2557 770 2623 ad
794 2558 1032 2642 providentiam
1054 2558 1191 2643 periculi
1210 2566 1255 2616 32.

269 2843 431 2905 lgemmeo
453 2839 487 2892 P.
516 2840 645 2908 geminae
664 2839 700 2892 A.

268 2908 317 2963 19.
344 2914 359 2964 ‘1
378 2907 484 2977 illustri
498 2911 531 2964 P.
561 2915 625 2980 post
643 2908 756 2964 luminis
776 2909 948 2979 ‘splendore'
968 2911 1009 2966 vel
1027 2911 1107 2964 aliud
1128 2910 1192 2965 aab·

177 2980 328 3034 etcaticam
346 2981 477 3036 excidisse
494 2983 626 3050 suspicor.
665 2986 698 3033 10
716 2981 786 3035 heae
803 2979 838 3034 A.
847 2981 881 3034 P.
919 2985 951 3034 11
972 2981 1142 3050 proceritate
1157 2981 1192 3035 P.

178 3051 363 3106 cmmoditato
388 3051 420 3105 P.
513 3058 545 3105 14
564 3050 675 3132 aliquot
697 3052 804 3120 scripsi.
837 3051 1065 3133 aliquodUA:P.;
1098 3053 1192 3135 iuri.

178 3137 414 3248 ttt'eltt
436 3193 485 3247 ..2
492 3121 850 3261 23.t‘:.¹tlz¹t.¹'·....pt
867 3138 1067 3273 111111
1074 3139 1193 3262 ttlt

178 3265 290 3332 utrique
314 3264 347 3320 P.
424 3269 458 3318 11
477 3264 580 3320 huonis
604 3264 660 3318 Mr.
690 3260 830 3334 (βούκριοι
854 3262 972 3332 Gracc).
1001 3262 1089 3318 bunis
1112 3264 1149 3317 A.
1157 3265 1192 3318 P.

178 3335 407 3404 taurclephantes
419 3335 475 3389 Mr.
495 3333 728 3404 (ταυρελέωανιες
741 3335 856 3403 Gracc).
881 3333 953 3402 Tyro
968 3335 1106 3389 elelantes
1115 3334 1191 3388 ΑΡ.

179 3408 214 3455 13
234 3420 315 3458 senes
331 3405 364 3460 P.
387 3404 603 3475 himantopodes
618 3405 676 3459 Mr.
699 3401 900 3476 ([μαντόποδες
919 3405 1035 3476 Gracc).
1062 3405 1093 3458 in
1110 3408 1192 3459 antc-

179 3473 267 3552 podas
289 3475 325 3527 A.
357 3474 388 3527 in
411 3478 566 3544 antopodes
589 3475 621 3529 P.
688 3480 722 3530 11
742 3474 944 3545 cylioperdices
966 3477 1073 3545 scripsi.
1106 3491 1191 3544 cyno·

179 3540 313 3604 pendrces
331 3544 366 3597 A.
374 3545 409 3599 P.
438 3543 661 3614 (κυλιοπὲρὸικες
679 3545 794 3616 Graec).
831 3546 1039 3616 multarumque
1059 3547 1093 3602 P.
