2654 3926
169 251 212 316 22
600 249 709 304 LIBER
725 250 746 302 Ι.

168 414 258 479 mina
282 414 510 499 quadrigarum
538 413 645 478 studio
675 434 812 478 coronae
835 411 971 477 venisse.
1017 410 1099 475 Tum
1122 411 1179 477 Ni·

167 502 280 567 colaus
294 501 370 566 felle
389 501 428 566 de
447 502 547 567 nimia
565 502 788 587 indignatione
808 501 960 565 subfusus
975 499 1180 584 despectans·

166 613 231 675 que
268 590 336 655 eius
373 591 550 656 aetatulam
585 612 690 674 neque
726 590 791 654 vim
835 588 934 654 animi
972 587 1179 654 considerans

170 683 365 762 consputum
398 679 675 744 adolescentulum
708 682 741 742 et
772 678 953 742 maledictis
986 679 1180 761 increpitum
1311 761 1312 764 Ἴ

142 767 349 852 sdereliquit.
395 769 441 832 At
462 789 539 834 vero
563 768 761 851 Alexander,
789 767 844 851 qui
871 766 1014 830 omnium
1038 761 1203 849 discipli-⁵

168 878 284 920 narum
316 856 548 921 continentiam
581 877 676 940 mage
710 859 873 921 ostentare
907 854 1086 937 didicisset,
1125 855 1180 920 ab·

169 946 280 1009 stersit
299 945 472 1010 clementer
491 947 707 1030 sputamenta,
729 944 882 1008 iniuriam
907 943 984 1027 quin
1004 944 1102 1007 etiam
1127 943 1180 1007 ad-

169 1033 276 1097 ridens
296 1033 355 1097 ait:
381 1032 467 1097 ‘Iuro
487 1032 634 1117 equidem
653 1032 722 1116 tibi,
746 1029 902 1116 Nicolae,'
925 1031 1041 1116 inquit,
1064 1029 1180 1115 ‘patris

168 1122 232 1185 mei
262 1122 384 1204 pariter
414 1144 451 1186 ac
479 1122 593 1186 matris
622 1121 840 1201 maiestatem,
869 1122 907 1184 ut
934 1123 968 1183 te
996 1124 1029 1184 et
1056 1121 1091 1184 in
1119 1121 1180 1186 hoc

129 1231 154 1269 ιο
167 1211 524 1362 prlecsenficoefrtdlfile
539 1213 572 1274 et
585 1208 788 1274 Aoemaniae
803 1209 868 1274 telo
884 1207 1064 1292 superabo?
1095 1208 1180 1273 Hinc

169 1319 275 1362 sona
299 1319 333 1363 es
387 1321 541 1364 auam.

259 1383 316 1450 12.
340 1384 415 1452 Non
437 1388 541 1452 multo
566 1389 673 1452 autem
691 1390 768 1471 post
791 1409 864 1452 cum
887 1385 954 1450 dies
978 1385 1124 1450 certami-
1161 1390 1234 1447 XIX.

167 1474 218 1537 nis
234 1474 417 1540 advenisset
431 1476 662 1561 aurigandique
676 1475 835 1560 professio
852 1474 958 1540 studio
976 1474 1178 1557 excitaretur,
1198 1476 1223 1526 3.
1311 1519 1312 1550 3

167 1583 285 1627 novem
309 1565 438 1647 quidem
462 1587 589 1648 omnes,
613 1565 668 1629 sed
691 1565 774 1648 regii
797 1565 927 1629 iuvenes
952 1561 1179 1646 competebant

128 1671 154 1712 15
168 1657 320 1732 quattuor,
345 1675 482 1736 quorum
506 1655 622 1718 sortito
641 1653 763 1735 primus
784 1649 940 1716 Nicolaus
965 1650 1092 1715 adstitit
1115 1671 1180 1715 car·

168 1762 250 1821 cere,
274 1742 432 1806 secundus
451 1741 622 1818 Xanthias,
644 1740 760 1802 tertius
780 1737 905 1818 Cimon,
925 1743 1059 1822 quartus
1079 1738 1181 1804 Clito-

168 1828 316 1910 machus,
344 1826 505 1891 Balcheus
532 1829 677 1911 quintus,
704 1826 893 1909 Aristippus
922 1848 998 1891 vero
1027 1831 1118 1893 sexto
1147 1829 1181 1892 in

114 1962 116 1966 ,
167 1914 254 1993 loco,
282 1915 394 1978 Pierus
424 1915 576 1998 septim0,
604 1913 708 1977 Alcan
739 1917 865 1992 octavo,
893 1913 1077 1978 Alexander
1104 1919 1180 1999 post

169 2023 295 2065 summo
314 2023 410 2066 non0.
446 2001 491 2066 Hi
515 2025 587 2066 cum
607 2024 646 2066 ex
665 2022 753 2066 more
777 2002 856 2066 artis
876 2005 972 2084 atque
993 2003 1179 2068 certaminis

128 2103 155 2148 'ro
169 2089 366 2154 institissent
394 2092 553 2174 curribus,
581 2091 727 2173 lituoque
756 2091 885 2174 signum
909 2090 1109 2154 sollemniter
1131 2092 1179 2156 in·

168 2180 340 2263 crepasset,
363 2179 470 2243 cuncti
492 2201 559 2243 una
581 2177 765 2264 prosiliunt.
801 2177 976 2242 Enimvero
996 2175 1180 2244 Alexander

168 2270 239 2330 erat
262 2270 395 2350 quartus
420 2290 439 2332 a
461 2269 581 2351 primo,
609 2265 747 2333 Nicolao
771 2267 904 2350 propius
932 2266 1123 2350 insequente
1147 2273 1180 2334 et

168 2377 225 2439 spe
257 2356 415 2420 transitus
448 2361 480 2420 et
509 2355 628 2421 infesto
662 2355 815 2435 consilio,
848 2359 884 2419 ut
917 2355 945 2420 si
975 2357 1180 2439 praetervehi

168 2447 282 2528 queat,
309 2466 375 2510 non
403 2445 525 2529 absque
553 2445 697 2530 periculo
725 2443 904 2508 Alexandri
932 2446 1077 2511 victoriae
1106 2468 1180 2512 con·

128 2550 155 2590 15
169 2534 322 2599 sulturus.
367 2532 404 2597 Id
433 2535 563 2618 quidem
590 2533 684 2597 illum
711 2555 779 2597 non
807 2533 886 2598 satis
910 2532 1049 2616 fugerat.
1095 2533 1180 2598 Nam

169 2626 201 2686 et
224 2644 323 2687 causa
347 2622 413 2687 odii
432 2622 667 2706 commonebat,
691 2622 776 2705 quod
800 2622 887 2687 bello
906 2621 1036 2687 Nicolai
1054 2625 1179 2705 patrem

259 2831 372 2884 lTunc
391 2831 437 2912 P..
480 2830 636 2911 Alsuffnsus
654 2830 729 2886 A.P.
756 2830 833 2912 rufus
855 2830 886 2883 Τ.
943 2827 1180 2912 tcontinentinm

168 2900 722 3053 stc..²·conscindunt
741 2901 1179 3053 unumunurn

169 3045 259 3097 stersa
277 3043 344 3098 nP.
392 3042 559 3098 'tmiuriam
579 3043 646 3112 quin
666 3042 752 3096 etiam
773 3043 845 3097 T.P.
875 3057 1061 3109 mrunamque
1080 3042 1116 3094 A.
1143 3060 1180 3095 rr-

168 3111 263 3168 ridens
282 3114 384 3170 Etert.
434 3117 451 3167 8
470 3112 590 3168 Niohole
610 3113 651 3167 ait
670 3114 704 3167 P.
712 3113 743 3166 Τ.
797 3117 813 3166 9
832 3114 916 3180 quod,
934 3113 1117 3182 scnerccrc'pto
1135 3113 1182 3167 vel

110 3195 119 3202 ·
168 3187 201 3238 ut
218 3185 256 3238 A.
327 3191 361 3238 10
376 3189 439 3254 post
458 3184 633 3238 ‘certamine’
653 3184 762 3239 videtur
782 3184 875 3238 ‘curru
893 3183 1015 3239 vincam’
1035 3184 1076 3238 oct
1094 3183 1181 3238 simile

169 3257 237 3324 quid
254 3257 393 3310 excidisse.
426 3255 483 3310 telo
503 3257 579 3310 codd.
604 3253 681 3309 bello
699 3253 801 3309 Ebcrlr.

258 3326 307 3382 12.
323 3332 356 3381 13
372 3326 506 3381 citaretur
516 3326 585 3382 AP.
625 3329 657 3378 15
673 3325 805 3393 quattuor
813 3325 903 3394 suppl.
913 3324 972 3379 Mr.
991 3322 1098 3393 primus
1109 3323 1180 3379 T.P.

168 3396 260 3464 primo
268 3397 303 3452 A.
345 3403 376 3453 16
392 3396 597 3452 secundoA.P.
616 3394 787 3451 tertioA.P.
806 3395 904 3463 quarto
912 3395 949 3449 A.
992 3400 1023 3449 17
1040 3396 1137 3463 quinto
1145 3397 1180 3451 A.

170 3471 203 3519 19
223 3483 332 3521 summo
351 3483 400 3523 om.
420 3468 498 3522 ΑΡ.
531 3467 584 3520 Hic
603 3467 638 3521 A.
672 3463 831 3521 certaminis
849 3481 899 3520 om.
920 3466 952 3520 P.
1041 3465 1182 3522 10111119-

169 3539 284 3605 passent
311 3537 344 3592 P.
452 3543 485 3592 11
515 3541 630 3607 quartus
659 3554 709 3593 om.
737 3537 770 3594 P.
816 3535 945 3606 proprius
976 3536 1006 3591 Τ.
1041 3537 1119 3607 prins
1145 3540 1181 3592 A.

170 3613 205 3660 14
224 3607 360 3662 victoriae
381 3609 495 3674 accius
514 3611 548 3676 cf.
565 3627 595 3679 p.
610 3615 653 3677 11,
669 3614 711 3663 18.
744 3609 872 3664 consulat
890 3609 925 3663 A.
1008 3615 1042 3664 16
1061 3608 1135 3665 vello
1155 3616 1181 3665 1.
