2646 3934
181 203 244 268 176
335 200 549 256 ALEXANDRI
568 200 644 256 CUM
663 199 821 255 DINDIMO
841 199 1028 257 COLLATIO.

180 365 315 448 suscipit
343 364 462 428 oblate.
507 357 576 428 Vos
603 362 724 426 liberos
752 362 900 426 homines
928 363 1101 428 honestate
1124 365 1188 447 pri·

178 453 272 536 ratis,
291 474 349 516 ros
359 473 475 516 servos
493 451 663 516 nobilitate
679 450 816 533 donatis,
834 473 892 515 vos
912 452 1058 534 captivos
1076 453 1190 517 trium-

178 540 253 624 phis
268 540 435 624 extollitis,
453 561 512 603 vos
527 558 620 622 reges
634 538 741 603 facitis
760 560 827 602 non
841 560 947 622 posse,
966 539 1051 623 quod
1066 541 1189 624 volunt,

179 650 237 693 vos
273 629 394 692 iudices
431 627 619 712 integritate
651 626 791 691 nudatis.
848 625 967 691 Omnia
1002 629 1119 692 tenetis
1157 635 1190 694 et

118 715 121 722 '
152 716 332 780 somnibus
365 737 423 780 ros
456 715 652 779 habentibus
687 715 864 798 imperatis.
919 712 996 779 Sola
1029 717 1190 799 sapientia

179 803 438 889 Bragmanorum
462 825 520 868 vce
544 806 676 887 superat
703 824 769 866 non
797 803 943 870 amando.
990 803 1052 868 Sed
1076 804 1188 869 dehis

179 893 274 973 satis,
298 913 383 956 nunc
405 891 530 974 reliqua
553 911 786 974 percurramus.

267 980 490 1045 Pestilentiam
510 978 686 1062 Bragmani
710 1000 777 1042 non
795 978 953 1061 patimur3
974 1000 1079 1062 neque
1103 981 1189 1044 enim

177 1068 280 1132 foedis
305 1068 430 1132 actibus
453 1072 656 1131 temeramur.
694 1063 828 1130 Caelum
852 1087 978 1149 semper
1000 1069 1189 1151 temperiem

139 1177 165 1216 ιο
179 1160 269 1220 tenet
296 1157 381 1239 apud
408 1177 480 1221 nos.
524 1153 606 1218 Cum
634 1154 833 1238 temporibus
861 1157 979 1218 natura
1007 1157 1189 1241 coneordat,

179 1249 216 1309 ut
239 1245 326 1307 vices
350 1265 425 1307 suas
450 1244 609 1307 elementa
631 1264 696 1307 non
721 1242 843 1308 offensa
862 1242 1054 1308 custodiant.
1091 1244 1189 1308 Medi·

179 1332 269 1396 cinae
287 1332 464 1395 remedium
485 1331 581 1395 nobis
600 1330 799 1414 parsimonia
817 1333 874 1414 est,
899 1352 980 1414 quae
999 1353 1064 1396 non
1084 1333 1189 1397 solum

178 1419 314 1503 illapsos
339 1423 449 1503 potest
472 1441 583 1483 curare
605 1420 787 1503 languores,
811 1418 866 1482 sed
889 1420 987 1482 etiam
1005 1441 1189 1503 procurare,

178 1529 218 1571 ne
241 1509 383 1572 veniant.
428 1507 528 1572 Nulla
545 1529 610 1572 -nos
634 1507 757 1571 ludicra
781 1508 965 1590 spectacula
986 1529 1046 1571 nec
1070 1510 1188 1591 equina

139 1615 164 1656 15
179 1597 356 1660 certamina
379 1618 438 1660 nec
462 1596 603 1660 scenicas
622 1595 839 1678 turpitudines
859 1595 1055 1659 affectamus.
1087 1595 1188 1660 Volu-

178 1685 263 1767 ptati
275 1706 341 1750 non
356 1685 502 1749 ducimus
517 1706 658 1747 arenam.
697 1681 871 1767 Sanguinis
886 1683 1006 1747 fluenta
1020 1685 1189 1748 manantia

178 1772 397 1837 abhorremus.
434 1771 517 1848 Quid
540 1772 626 1835 enirn
646 1769 763 1835 inimus
782 1771 835 1835 hic
853 1770 960 1852 faciet,
984 1771 1040 1835 ubi
1063 1773 1189 1837 nullum

176 1861 399 1944 praestigium,
423 1858 509 1942 quod
527 1858 696 1923 ridendum
719 1859 757 1923 de
780 1859 875 1923 nobis
899 1860 1004 1941 possit
1028 1860 1187 1944 exhibere,

177 1947 342 2029 reperiat?
388 1947 473 2023 Quid
495 1947 671 2032 tragoedus
696 1951 774 2030 agat
796 1946 879 2011 nihil
901 1947 1078 2029 inveniens,
1102 1949 1187 2032 quod

137 2054 163 2093 ao
176 2035 288 2118 lugeat
315 2057 388 2099 cum
418 2035 580 2099 clamore?
627 2033 691 2098 Cur
713 2035 845 2099 iuvenes
869 2037 941 2099 best
942 2036 982 2100 iis
1007 2036 1148 2102 obiciant
1134 2040 1188 2100 tur

176 2123 382 2206 immanibus,
406 2143 479 2188 cum
502 2122 625 2187 nullius
648 2145 768 2187 noxam
790 2123 865 2188 talis
885 2145 989 2206 poena
1012 2125 1186 2207 respiciat?

177 2209 247 2276 Nos
271 2211 364 2276 theat
350 2217 437 2276 trum
461 2215 606 2294 spectare
631 2233 708 2280 cum
726 2211 885 2296 volumus,
907 2216 979 2278 vest
980 2235 1088 2278 rorum
1112 2234 1186 2298 ope-

176 2321 248 2363 rum
271 2301 473 2365 monimenta
491 2300 676 2384 relegimus,
698 2321 779 2383 quae
803 2321 875 2364 cum
900 2301 965 2365 sint
989 2303 1127 2366 maxime
1145 2302 1186 2365 ri·

176 2388 281 2453 denda
309 2389 470 2454 deflemus.
515 2386 593 2452 Alia
621 2409 719 2470 porro
748 2389 842 2453 nobis
871 2393 961 2472 spect
947 2391 1055 2453 tacula
1083 2389 1185 2454 diver-

136 2495 162 2536 11
177 2498 293 2561 sasque
326 2478 509 2561 voluptates
543 2476 674 2541 exhibet
706 2477 819 2541 mundi
850 2477 1061 2561 machina,
1051 2500 1086 2541 1n
1123 2500 1185 2562 qua

175 2565 320 2630 videmus
335 2566 446 2648 polum
461 2565 596 2648 pulchre
606 2565 783 2629 formatum
798 2565 964 2648 signorum
974 2567 1184 2631 varietatibus

266 2771 464 2841 nobilitate]
487 2770 631 2826 nobilitati
656 2771 689 2825 P.
723 2772 796 2826 filios
819 2770 976 2826 nobilitatis
999 2772 1031 2829 V
1111 2773 1184 2828 tde

177 2839 274 2893 hisP.
303 2841 459 2894 exhisV.
487 2841 668 2896 hisL.RB.
751 2842 930 2897 Senimem.
949 2843 983 2898 L.
1065 2845 1185 2897 9111111-

176 2911 282 2981 ramur]
303 2913 472 2965 temeramus
491 2928 588 2965 auram
607 2912 680 2967 coeli
698 2912 733 2967 Β.
759 2913 923 2982 temperiem
942 2929 992 2968 oca.
1011 2913 1048 2970 Β.
1087 2920 1119 2968 10
1137 2931 1186 2968 na-

176 2984 240 3035 tura
272 2981 332 3052 etc]
360 2983 489 3035 naturam
521 2982 663 3050 propriam
692 2983 766 3037 aud
798 2998 850 3036 nos
882 2984 1022 3038 elementa
1053 2984 1125 3039 coeli
1157 2986 1186 3038 et

176 3055 304 3120 tempora
331 3050 494 3107 custodiunt
526 3051 556 3105 V.
603 3002 755 3108 concorrit
782 3054 857 3111 Ρ..Β
904 3054 1081 3110 concordiam
1108 3054 1141 3109 L.
1149 3054 1185 3110 Β.

178 3131 210 3176 13
229 3123 427 3192 languores-
441 3139 597 3202 procurare,
609 3139 659 3178 em.
678 3125 712 3179 L.
800 3130 834 3178 14
852 3124 1050 3194 exspectacula
1065 3126 1100 3182 L.
1108 3125 1185 3207 ΡΒ.

177 3199 210 3248 15
229 3193 378 3248 Voluntati
397 3194 430 3251 L
508 3199 540 3247 17
560 3191 652 3248 minus
670 3195 704 3249 L.
788 3201 820 3250 18
839 3144 1008 3264 prestigium
1033 3196 1064 3251 V.
1100 3197 1185 3252 vcsti-

176 3264 254 3331 giam
269 3265 303 3318 B.
355 3270 388 3319 19
408 3263 577 3344 reperiatL.
583 3263 619 3321 Β
646 3266 801 3333 reperiatur
756 3267 848 3320 t.P
874 3266 1001 3321 inveniat
1019 3266 1051 3322 V.
1079 3283 1129 3323 om.
1149 3265 1184 3321 Β.

175 3333 775 3404 1118111111.111111111Ρ.11131111Β
805 3337 1184 3405 quodlugeatP.om.cet.

176 3406 209 3453 21
229 3402 322 3456 nullus
341 3405 377 3460 Β.
405 3421 511 3474 poenae
530 3406 565 3458 Β.
629 3412 663 3460 22
683 3409 844 3478 exspectare
862 3407 896 3462 L.
904 3407 980 3463 Ρ.Β
1045 3407 1186 3463 23111ο11-

63 3511 69 3524 .
176 3472 271 3523 menta
294 3489 344 3526 om.
371 3474 404 3527 P.
437 3474 587 3544 relegimus
610 3491 660 3532 orn.
685 3478 721 3532 Β.
798 3484 833 3533 24
852 3479 1048 3548 exspectacula
1069 3479 1103 3534 L.
1111 3478 1185 3533 ΡΒ.

176 3538 440 3597 251111111111111.
