2646 3934
159 209 224 272 218
278 206 458 263 EPISTOLA
475 207 690 263 ALEXANDRI
708 210 758 264 AD
777 209 1044 266 ARISTOTELEM.

158 372 192 435 in
216 393 273 436 ora
296 372 470 456 oculosque
493 375 624 437 nostros
646 372 849 456 resiliebant,
877 373 994 457 pedum
1019 373 1171 438 binorum

157 464 323 525 ternorum
348 484 367 526 a
390 463 479 526 terra
500 462 699 546 ferebantur,
723 465 813 526 scuta
836 463 1021 546 clipeosque
1039 466 1171 527 nostros

158 549 268 613 caudis
292 550 453 614 crudelem
482 549 517 615 in
540 550 671 614 modum
693 550 918 616 verberabant
964 549 1025 626 Qui
1050 551 1172 634 partim

160 639 299 721 sagittis,
322 639 442 721 partim
466 639 571 703 contis
591 638 787 704 militaribus
807 639 1061 724 configebantur.
1098 639 1172 704 Per·

131 725 225 790 sdidi
247 727 284 790 in
311 748 349 792 ec
373 727 550 792 certamine
578 727 732 792 ducentos
762 749 818 792 sex
845 727 966 792 milites
993 728 1172 793 bestiarum

158 815 326 898 utriusque
345 815 473 900 generis
497 837 616 881 morsu.
658 814 841 881 Occidimus
865 816 905 880 ad
925 817 1171 899 quatuordecim

158 903 257 968 milia.

245 991 325 1055 Inde
350 991 391 1057 ad
410 991 541 1057 Oclivas
564 992 684 1057 flumen
703 992 860 1077 venimus,
883 992 969 1076 quod
992 993 1061 1056 siue
1085 993 1170 1058 flexu

157 1083 243 1144 recte
272 1082 313 1145 ad
340 1102 496 1146 oceanum
518 1081 697 1166 ferebatur,
724 1081 827 1145 latum
851 1081 964 1145 stadiis
994 1082 1035 1145 ad
1063 1082 1170 1165 ripam

116 1193 143 1233 ιο
158 1169 293 1234 alteram
320 1169 449 1252 viginti3
480 1169 666 1235 vestiebant
694 1190 768 1234 eum
796 1168 971 1234 arundines
999 1170 1086 1234 altae
1113 1193 1171 1254 per

156 1257 282 1341 littora,
310 1279 447 1341 quarum
474 1280 573 1323 unam
598 1259 735 1343 triginta
762 1257 886 1322 milites
909 1258 963 1323 vix
987 1258 1072 1322 ferre
1098 1280 1171 1342 pos·

157 1349 240 1411 sent.
294 1345 504 1410 Excedebant
538 1349 648 1412 autem
683 1347 836 1411 arborum
868 1347 1171 1430 procerissimarum

156 1433 370 1499 altitudinem.
410 1434 451 1499 In
473 1435 525 1500 his
548 1435 762 1501 arundinibus
786 1437 924 1501 stratum
942 1436 1170 1520 potentissimo

157 1523 254 1587 ebore
291 1522 440 1589 uidimus.
495 1523 730 1589 Inhabitabant
765 1524 852 1588 enirn
889 1525 997 1589 locum
1033 1525 1170 1589 eundem

117 1635 143 1676 15
157 1611 249 1676 milia
281 1612 526 1695 elephantorum
557 1614 741 1697 innumera,
777 1612 833 1697 qui
868 1634 928 1678 nos
961 1615 1071 1678 nescio
1104 1635 1169 1697 quo

154 1699 242 1765 facto
266 1723 324 1766 nec
347 1702 490 1766 lacerare
513 1701 727 1784 temptabant.
768 1701 923 1784 Alioquin
947 1701 1169 1767 crudelissime

155 1789 330 1870 percalcati
358 1811 495 1855 eramus,
544 1789 658 1854 Multis
686 1790 831 1854 collectis
860 1789 1010 1854 dentibus
1042 1791 1169 1856 ratibus

155 1897 195 1940 ex
218 1877 376 1941 arundine
398 1878 494 1942 factis
517 1878 835 1962 transnavigavimus
859 1899 995 1943 amnem.
1036 1878 1170 1943 Inhabi-

155 1963 273 2028 tabant
295 1964 375 2029 litus
398 1965 533 2029 ulterius
552 1965 626 2029 Indi
648 1967 837 2031 balenarum
862 1966 1006 2031 ferarum
1028 1969 1168 2033 contect‘

42 2082 48 2088 ·
113 2052 305 2136 sepellibus.
346 2052 423 2120 Non
441 2053 531 2117 fuere
549 2054 775 2138 inhospitales.
817 2055 879 2132 Qui
897 2055 992 2120 nobis
1012 2056 1168 2140 spongias

155 2142 247 2206 albas
270 2163 512 2226 purpureasque
541 2143 576 2207 in
605 2165 721 2209 manus
745 2144 860 2210 dedere
884 2165 956 2209 cum
980 2145 1105 2209 bucinis
1129 2167 1169 2209 ex

155 2250 274 2314 genere
297 2231 479 2296 coclearum
509 2232 673 2318 capientes
701 2233 796 2297 binos
824 2237 998 2316 ternosque
1024 2234 1169 2318 congios,

155 2324 188 2382 ct
211 2321 373 2406 stragulas
402 2321 578 2405 mollesque
605 2323 732 2387 tunicas
762 2343 800 2386 ex
823 2322 1000 2386 vitulorum
1027 2323 1168 2387 marino-

154 2429 227 2471 rum
245 2410 386 2493 pellibus
405 2409 519 2493 factas,
538 2411 664 2474 cocleas
677 2414 846 2494 praeterea
865 2410 1054 2475 sextariales
1075 2431 1168 2475 escae

113 2523 141 2564 aa
154 2497 405 2582 pulcherrimae,
430 2499 508 2562 item
530 2519 655 2563 uermes
686 2521 725 2564 ex
747 2500 819 2582 ipso
842 2498 974 2563 flumine
998 2503 1169 2583 extractos,

244 2728 258 2775 1
277 2723 419 2792 binorum]
433 2725 478 2779 bis
490 2723 518 2779 0.
556 2731 572 2780 2
591 2741 609 2778 a
622 2726 697 2779 terra
708 2725 736 2780 0.
755 2725 863 2793 impetu
874 2725 904 2779 V.
925 2742 975 2780 om.
990 2725 1064 2780 ω.Η.
1086 2727 1168 2780 scuta

154 2807 202 2848 cm.
221 2791 249 2847 0.
310 2793 443 2849 3caudis
460 2811 512 2850 om.
528 2795 557 2850 0.
588 2795 672 2850 crude
688 2796 717 2850 0.
771 2795 986 2867 rmiliuribus]
1007 2796 1168 2851 militaturi·

152 2864 205 2918 bus
224 2864 259 2918 B.
267 2865 310 2919 M.
344 2863 451 2920 cunctis
469 2863 670 2922 militaturibus
689 2867 723 2920 L.
756 2866 974 2921 conficiebantur
988 2868 1026 2922 H.
1066 2873 1167 2935 dqua-

153 2935 323 3006 tuordecim]
343 2935 466 2990 sedecim
484 2936 523 2990 H.
570 2943 586 2991 8
607 2936 719 2992 Oclivas
734 2956 764 2991 ω.
784 2937 898 3003 oclyvas
915 2937 943 2992 0.
963 2938 1112 2993 occluadas
1125 2937 1169 2992 H.

152 3006 227 3061 flexu
245 3007 362 3063 L.V.H.
385 3008 461 3061 fluxu
479 3007 603 3062 Ram
627 3007 731 3062 reflexu
751 3008 779 3063 0.
828 3014 861 3062 10
880 3006 955 3062 altae
977 3009 1010 3064 G.
1042 3007 1166 3064 AOCOO.

152 3077 187 3131 L.
195 3079 281 3132 MR.
319 3095 353 3132 ac
370 3080 512 3133 trecentae
537 3078 613 3134 V.H.
637 3080 780 3134 trecentae
800 3079 830 3134 0.
890 3085 921 3132 11
941 3079 989 3134 vix
1006 3080 1079 3135 ferre
1098 3079 1166 3136 u.V.

153 3147 224 3203 ferre
238 3149 331 3204 uonO.
370 3156 403 3204 12
418 3149 610 3220 autem]enim
619 3149 658 3203 H.
687 3149 909 3218 procerissimum
918 3149 948 3204 0.
987 3155 1021 3204 14
1035 3150 1166 3205 eboreH.

153 3218 237 3274 eboro
261 3221 294 3276 L.
324 3237 390 3275 eruo
414 3221 448 3276 B.
478 3236 544 3276 euro
569 3227 616 3276 cet.
715 3229 748 3276 16
768 3220 891 3276 lacerare
915 3242 945 3276 ω.
973 3222 1111 3277 lacessere
1137 3221 1166 3277 0.

154 3295 186 3344 17
215 3291 366 3358 percultati
390 3292 430 3346 H.
462 3291 584 3360 perculsi
607 3291 639 3347 V.
676 3307 798 3347 essemus
828 3293 857 3348 0.
931 3298 964 3346 18
988 3309 1099 3347 amnem
1124 3292 1167 3346 in-

152 3359 348 3416 habitantibus
371 3363 489 3416 ulterius
513 3362 589 3416 Indis
612 3361 760 3417 beluarum
782 3363 905 3418 ferarum
929 3363 1066 3419 contectis
1085 3363 1167 3434 pelli·

153 3427 206 3481 bus
215 3432 255 3484 H.
292 3438 326 3486 20
342 3433 396 3488 Sed
410 3432 506 3488 nonO.
544 3439 577 3487 21
593 3433 906 3503 etgenereB.G.V.H.
943 3439 977 3488 22
995 3434 1167 3505 coclearum]

154 3500 304 3575 condamm
326 3502 360 3556 L.
398 3504 568 3570 coclearum,
590 3506 623 3558 iu
645 3521 731 3574 murp.
755 3506 800 3560 vel
825 3505 983 3561 conclarum
1009 3506 1041 3561 G.
1081 3506 1167 3559 chon·

153 3565 280 3618 odiorum
304 3571 335 3626 V.
408 3579 442 3626 23
462 3575 589 3642 stragula
609 3572 638 3629 0.
711 3581 744 3629 25
765 3576 884 3631 extracti
903 3577 1054 3645 (extractos
1076 3576 1166 3644 V.H.)

1311 591 1313 680 l

1311 837 1313 962 l
