<?xml version="1.0" encoding="UTF-8"?>
<!DOCTYPE html PUBLIC "-//W3C//DTD XHTML 1.0 Transitional//EN"
    "http://www.w3.org/TR/xhtml1/DTD/xhtml1-transitional.dtd">
<html xmlns="http://www.w3.org/1999/xhtml" xml:lang="en" lang="en">
 <head>
  <title>
</title>
<meta http-equiv="Content-Type" content="text/html;charset=utf-8" />
  <meta name='ocr-system' content='tesseract 3.04.00' />
  <meta name='ocr-capabilities' content='ocr_page ocr_carea ocr_par ocr_line ocrx_word'/>
</head>
<body>
  <div class='ocr_page' id='page_1' title='image "./iulivalerialexa00kbgoog_0155.png"; bbox 0 0 2650 3920; ppageno 0'>
   <div class='ocr_carea' id='block_1_1' title="bbox 163 246 757 312">
    <p class='ocr_par' dir='ltr' id='par_1_1' title="bbox 163 246 757 312">
     <span class='ocr_line' id='line_1_1' title="bbox 163 246 757 312; baseline 0 -9"><span class='ocrx_word' id='word_1_1' title='bbox 163 249 227 312; x_wconf 83' lang='lat'><strong>118</strong></span> <span class='ocrx_word' id='word_1_2' title='bbox 581 246 693 302; x_wconf 83' lang='lat' dir='ltr'><strong>LIBER</strong></span> <span class='ocrx_word' id='word_1_3' title='bbox 711 247 757 303; x_wconf 92' lang='lat' dir='ltr'><strong>III.</strong></span> 
     </span>
    </p>
   </div>
   <div class='ocr_carea' id='block_1_2' title="bbox 118 408 1271 3238">
    <p class='ocr_par' dir='ltr' id='par_1_2' title="bbox 160 408 1240 761">
     <span class='ocr_line' id='line_1_2' title="bbox 252 408 1240 497; baseline -0.001 -23"><span class='ocrx_word' id='word_1_4' title='bbox 252 408 286 475; x_wconf 84' lang='lat'><strong>8.</strong></span> <span class='ocrx_word' id='word_1_5' title='bbox 324 408 396 475; x_wconf 91' lang='lat' dir='ltr'><strong>Hac</strong></span> <span class='ocrx_word' id='word_1_6' title='bbox 419 409 520 495; x_wconf 85' lang='lat' dir='ltr'><strong>igitur</strong></span> <span class='ocrx_word' id='word_1_7' title='bbox 548 409 760 497; x_wconf 74' lang='lat' dir='ltr'>adrogantiae</span> <span class='ocrx_word' id='word_1_8' title='bbox 789 432 942 496; x_wconf 88' lang='lat' dir='ltr'><strong>specum</strong></span> <span class='ocrx_word' id='word_1_9' title='bbox 967 410 1034 476; x_wconf 90' lang='lat' dir='ltr'><strong>dies</strong></span> <span class='ocrx_word' id='word_1_10' title='bbox 1056 411 1179 494; x_wconf 90' lang='lat' dir='ltr'><strong>pariter</strong></span> <span class='ocrx_word' id='word_1_11' title='bbox 1196 421 1240 474; x_wconf 86' lang='lat'><strong>13.</strong></span> 
     </span>
     <span class='ocr_line' id='line_1_3' title="bbox 163 497 1179 584; baseline 0 -20"><span class='ocrx_word' id='word_1_12' title='bbox 163 502 196 564; x_wconf 90' lang='lat' dir='ltr'><strong>et</strong></span> <span class='ocrx_word' id='word_1_13' title='bbox 222 499 312 564; x_wconf 91' lang='lat' dir='ltr'><strong>locus</strong></span> <span class='ocrx_word' id='word_1_14' title='bbox 342 498 467 582; x_wconf 88' lang='lat' dir='ltr'><strong>proelio</strong></span> <span class='ocrx_word' id='word_1_15' title='bbox 495 497 698 564; x_wconf 74' lang='lat' dir='ltr'><strong>constitisset</strong></span> <span class='ocrx_word' id='word_1_16' title='bbox 727 499 881 584; x_wconf 86' lang='lat' dir='ltr'><strong>fieretque</strong></span> <span class='ocrx_word' id='word_1_17' title='bbox 909 520 1021 584; x_wconf 86' lang='lat' dir='ltr'><strong>pugna</strong></span> <span class='ocrx_word' id='word_1_18' title='bbox 1050 499 1179 584; x_wconf 80' lang='lat' dir='ltr'><strong>regalis,</strong></span> 
     </span>
     <span class='ocr_line' id='line_1_4' title="bbox 162 587 1178 672; baseline 0.001 -21"><span class='ocrx_word' id='word_1_19' title='bbox 162 587 314 672; x_wconf 87' lang='lat' dir='ltr'><strong>primitus</strong></span> <span class='ocrx_word' id='word_1_20' title='bbox 338 587 468 672; x_wconf 90' lang='lat' dir='ltr'><strong>quidem</strong></span> <span class='ocrx_word' id='word_1_21' title='bbox 494 609 610 671; x_wconf 80' lang='lat' dir='ltr'><strong>anceps</strong></span> <span class='ocrx_word' id='word_1_22' title='bbox 635 587 690 652; x_wconf 92' lang='lat' dir='ltr'><strong>diu</strong></span> <span class='ocrx_word' id='word_1_23' title='bbox 715 587 846 654; x_wconf 81' lang='lat' dir='ltr'><strong>fortuna</strong></span> <span class='ocrx_word' id='word_1_24' title='bbox 869 587 1067 653; x_wconf 79' lang='lat' dir='ltr'><strong>bellantibus</strong></span> <span class='ocrx_word' id='word_1_25' title='bbox 1091 587 1178 652; x_wconf 85' lang='lat' dir='ltr'><strong>vide·</strong></span> 
     </span>
     <span class='ocr_line' id='line_1_5' title="bbox 160 674 1178 761; baseline -0.001 -20"><span class='ocrx_word' id='word_1_26' title='bbox 160 677 276 758; x_wconf 88' lang='lat' dir='ltr'><strong>batur,</strong></span> <span class='ocrx_word' id='word_1_27' title='bbox 308 696 373 741; x_wconf 88' lang='lat' dir='ltr'><strong>non</strong></span> <span class='ocrx_word' id='word_1_28' title='bbox 403 674 512 742; x_wconf 88' lang='lat' dir='ltr'><strong>minus</strong></span> <span class='ocrx_word' id='word_1_29' title='bbox 541 674 726 741; x_wconf 83' lang='lat' dir='ltr'><strong>Alexandro</strong></span> <span class='ocrx_word' id='word_1_30' title='bbox 757 680 886 761; x_wconf 89' lang='lat' dir='ltr'><strong>tempus</strong></span> <span class='ocrx_word' id='word_1_31' title='bbox 916 675 1103 743; x_wconf 86' lang='lat' dir='ltr'><strong>incursandi</strong></span> <span class='ocrx_word' id='word_1_32' title='bbox 1133 676 1178 740; x_wconf 93' lang='lat' dir='ltr'><strong>ri-</strong></span> 
     </span>
    </p>

    <p class='ocr_par' dir='ltr' id='par_1_3' title="bbox 126 763 1178 1205">
     <span class='ocr_line' id='line_1_6' title="bbox 126 763 1178 850; baseline 0.003 -25"><span class='ocrx_word' id='word_1_33' title='bbox 126 768 288 846; x_wconf 82' lang='lat' dir='ltr'><strong>emante,</strong></span> <span class='ocrx_word' id='word_1_34' title='bbox 318 771 416 850; x_wconf 77' lang='lat' dir='ltr'><strong>quam·</strong></span> <span class='ocrx_word' id='word_1_35' title='bbox 445 763 531 830; x_wconf 82' lang='lat' dir='ltr'><strong>Poro</strong></span> <span class='ocrx_word' id='word_1_36' title='bbox 561 765 669 830; x_wconf 92' lang='lat' dir='ltr'><strong>locum</strong></span> <span class='ocrx_word' id='word_1_37' title='bbox 700 765 843 830; x_wconf 86' lang='lat' dir='ltr'><strong>vulneris</strong></span> <span class='ocrx_word' id='word_1_38' title='bbox 873 765 1064 830; x_wconf 86' lang='lat' dir='ltr'><strong>declinante.</strong></span> <span class='ocrx_word' id='word_1_39' title='bbox 1116 763 1178 829; x_wconf 83' lang='lat' dir='ltr'><strong>Sed</strong></span> 
     </span>
     <span class='ocr_line' id='line_1_7' title="bbox 160 852 1178 939; baseline -0.002 -21"><span class='ocrx_word' id='word_1_40' title='bbox 160 875 232 918; x_wconf 91' lang='lat' dir='ltr'><strong>cum</strong></span> <span class='ocrx_word' id='word_1_41' title='bbox 260 853 346 918; x_wconf 82' lang='lat' dir='ltr'><strong>forte</strong></span> <span class='ocrx_word' id='word_1_42' title='bbox 374 853 459 938; x_wconf 90' lang='lat' dir='ltr'><strong>apud</strong></span> <span class='ocrx_word' id='word_1_43' title='bbox 483 852 582 917; x_wconf 87' lang='lat' dir='ltr'><strong>Indos</strong></span> <span class='ocrx_word' id='word_1_44' title='bbox 610 874 649 917; x_wconf 86' lang='lat' dir='ltr'><strong>ex</strong></span> <span class='ocrx_word' id='word_1_45' title='bbox 678 853 819 939; x_wconf 88' lang='lat' dir='ltr'><strong>quadam</strong></span> <span class='ocrx_word' id='word_1_46' title='bbox 847 853 1018 939; x_wconf 82' lang='lat' dir='ltr'><strong>repentina</strong></span> <span class='ocrx_word' id='word_1_47' title='bbox 1046 874 1178 918; x_wconf 88' lang='lat' dir='ltr'><strong>conver·</strong></span> 
     </span>
     <span class='ocr_line' id='line_1_8' title="bbox 161 940 1178 1026; baseline -0.001 -20"><span class='ocrx_word' id='word_1_48' title='bbox 161 942 252 1006; x_wconf 88' lang='lat' dir='ltr'><strong>sione</strong></span> <span class='ocrx_word' id='word_1_49' title='bbox 274 940 352 1014; x_wconf 84' lang='lat' dir='ltr'><strong>Pori</strong></span> <span class='ocrx_word' id='word_1_50' title='bbox 380 941 536 1026; x_wconf 89' lang='lat' dir='ltr'><strong>strepitus</strong></span> <span class='ocrx_word' id='word_1_51' title='bbox 566 944 599 1006; x_wconf 91' lang='lat' dir='ltr'><strong>et</strong></span> <span class='ocrx_word' id='word_1_52' title='bbox 625 942 841 1008; x_wconf 78' lang='lat' dir='ltr'><strong>conclamatio</strong></span> <span class='ocrx_word' id='word_1_53' title='bbox 866 942 1060 1026; x_wconf 85' lang='lat' dir='ltr'><strong>exst&#39;tisset,</strong></span> <span class='ocrx_word' id='word_1_54' title='bbox 1088 963 1178 1006; x_wconf 86' lang='lat' dir='ltr'><strong>aver·</strong></span> 
     </span>
     <span class='ocr_line' id='line_1_9' title="bbox 159 1029 1178 1115; baseline -0.001 -19"><span class='ocrx_word' id='word_1_55' title='bbox 159 1031 319 1115; x_wconf 90' lang='lat' dir='ltr'><strong>tissetque</strong></span> <span class='ocrx_word' id='word_1_56' title='bbox 344 1051 390 1113; x_wconf 84' lang='lat' dir='ltr'><strong>oa,</strong></span> <span class='ocrx_word' id='word_1_57' title='bbox 414 1051 478 1114; x_wconf 91' lang='lat' dir='ltr'><strong>quo</strong></span> <span class='ocrx_word' id='word_1_58' title='bbox 497 1051 629 1094; x_wconf 89' lang='lat' dir='ltr'><strong>causam</strong></span> <span class='ocrx_word' id='word_1_59' title='bbox 648 1029 751 1095; x_wconf 88' lang='lat' dir='ltr'><strong>Porus</strong></span> <span class='ocrx_word' id='word_1_60' title='bbox 770 1031 860 1096; x_wconf 82' lang='lat' dir='ltr'><strong>illius</strong></span> <span class='ocrx_word' id='word_1_61' title='bbox 880 1031 1036 1115; x_wconf 89' lang='lat' dir='ltr'><strong>strepitus</strong></span> <span class='ocrx_word' id='word_1_62' title='bbox 1059 1049 1178 1114; x_wconf 80' lang='lat' dir='ltr'><strong>cogno·</strong></span> 
     </span>
     <span class='ocr_line' id='line_1_10' title="bbox 159 1118 1177 1205; baseline -0.001 -22"><span class='ocrx_word' id='word_1_63' title='bbox 159 1119 276 1197; x_wconf 85' lang='lat' dir='ltr'><strong>visset,</strong></span> <span class='ocrx_word' id='word_1_64' title='bbox 314 1118 440 1183; x_wconf 84' lang='lat' dir='ltr'><strong>involat</strong></span> <span class='ocrx_word' id='word_1_65' title='bbox 470 1118 652 1183; x_wconf 85' lang='lat' dir='ltr'><strong>Alexander</strong></span> <span class='ocrx_word' id='word_1_66' title='bbox 696 1122 794 1204; x_wconf 90' lang='lat' dir='ltr'><strong>atque</strong></span> <span class='ocrx_word' id='word_1_67' title='bbox 831 1121 900 1184; x_wconf 89' lang='lat' dir='ltr'><strong>eius</strong></span> <span class='ocrx_word' id='word_1_68' title='bbox 937 1118 1074 1205; x_wconf 81' lang='lat' dir='ltr'><strong>inguina</strong></span> <span class='ocrx_word' id='word_1_69' title='bbox 1110 1119 1177 1183; x_wconf 90' lang='lat' dir='ltr'><strong>telo</strong></span> 
     </span>
    </p>

    <p class='ocr_par' dir='ltr' id='par_1_4' title="bbox 120 1205 1238 1646">
     <span class='ocr_line' id='line_1_11' title="bbox 120 1205 1178 1292; baseline 0.004 -26"><span class='ocrx_word' id='word_1_70' title='bbox 120 1207 287 1272; x_wconf 79' lang='lat' dir='ltr'><strong>meminus</strong></span> <span class='ocrx_word' id='word_1_71' title='bbox 319 1205 485 1291; x_wconf 79' lang='lat' dir='ltr'><strong>transfigit</strong></span> <span class='ocrx_word' id='word_1_72' title='bbox 519 1229 656 1292; x_wconf 90' lang='lat' dir='ltr'><strong>eumque</strong></span> <span class='ocrx_word' id='word_1_73' title='bbox 685 1208 874 1291; x_wconf 86' lang='lat' dir='ltr'><strong>prosternit.</strong></span> <span class='ocrx_word' id='word_1_74' title='bbox 924 1206 995 1274; x_wconf 90' lang='lat' dir='ltr'><strong>Hac</strong></span> <span class='ocrx_word' id='word_1_75' title='bbox 1029 1206 1178 1291; x_wconf 80' lang='lat' dir='ltr'><strong>indigua-</strong></span> 
     </span>
     <span class='ocr_line' id='line_1_12' title="bbox 158 1294 1178 1380; baseline 0 -22"><span class='ocrx_word' id='word_1_76' title='bbox 158 1295 247 1360; x_wconf 84' lang='lat' dir='ltr'><strong>tione</strong></span> <span class='ocrx_word' id='word_1_77' title='bbox 275 1294 349 1359; x_wconf 87' lang='lat' dir='ltr'><strong>Indi</strong></span> <span class='ocrx_word' id='word_1_78' title='bbox 377 1296 510 1360; x_wconf 85' lang='lat' dir='ltr'><strong>excitati</strong></span> <span class='ocrx_word' id='word_1_79' title='bbox 536 1296 571 1360; x_wconf 93' lang='lat' dir='ltr'><strong>in</strong></span> <span class='ocrx_word' id='word_1_80' title='bbox 604 1317 695 1361; x_wconf 89' lang='lat' dir='ltr'><strong>arma</strong></span> <span class='ocrx_word' id='word_1_81' title='bbox 730 1295 905 1380; x_wconf 88' lang='lat' dir='ltr'><strong>prosiliunt</strong></span> <span class='ocrx_word' id='word_1_82' title='bbox 931 1296 1178 1379; x_wconf 86' lang='lat' dir='ltr'><strong>instaurantque</strong></span> 
     </span>
     <span class='ocr_line' id='line_1_13' title="bbox 158 1382 1176 1472; baseline -0.001 -25"><span class='ocrx_word' id='word_1_83' title='bbox 158 1382 191 1447; x_wconf 90' lang='lat' dir='ltr'><strong>id</strong></span> <span class='ocrx_word' id='word_1_84' title='bbox 214 1383 381 1468; x_wconf 88' lang='lat' dir='ltr'><strong>proelium,</strong></span> <span class='ocrx_word' id='word_1_85' title='bbox 405 1384 492 1468; x_wconf 93' lang='lat' dir='ltr'><strong>quod</strong></span> <span class='ocrx_word' id='word_1_86' title='bbox 516 1385 638 1470; x_wconf 87' lang='lat' dir='ltr'><strong>absque</strong></span> <span class='ocrx_word' id='word_1_87' title='bbox 661 1385 755 1472; x_wconf 82' lang='lat' dir='ltr'><strong>vulgi</strong></span> <span class='ocrx_word' id='word_1_88' title='bbox 773 1386 916 1471; x_wconf 91' lang='lat' dir='ltr'><strong>periculo</strong></span> <span class='ocrx_word' id='word_1_89' title='bbox 935 1388 1067 1469; x_wconf 85' lang='lat' dir='ltr'><strong>pactum</strong></span> <span class='ocrx_word' id='word_1_90' title='bbox 1089 1385 1176 1448; x_wconf 90' lang='lat' dir='ltr'><strong>inter</strong></span> 
     </span>
     <span class='ocr_line' id='line_1_14' title="bbox 159 1470 1238 1560; baseline -0.004 -24"><span class='ocrx_word' id='word_1_91' title='bbox 159 1493 252 1558; x_wconf 82' lang='lat' dir='ltr'><strong>reges</strong></span> <span class='ocrx_word' id='word_1_92' title='bbox 276 1475 356 1537; x_wconf 86' lang='lat' dir='ltr'><strong>erat.</strong></span> <span class='ocrx_word' id='word_1_93' title='bbox 401 1471 579 1539; x_wconf 79' lang='lat' dir='ltr'><strong>Enimvero</strong></span> <span class='ocrx_word' id='word_1_94' title='bbox 603 1473 787 1539; x_wconf 86' lang='lat' dir='ltr'><strong>Alexander</strong></span> <span class='ocrx_word' id='word_1_95' title='bbox 814 1495 911 1560; x_wconf 91' lang='lat' dir='ltr'><strong>saepe</strong></span> <span class='ocrx_word' id='word_1_96' title='bbox 938 1473 1004 1537; x_wconf 90' lang='lat' dir='ltr'><strong>iam</strong></span> <span class='ocrx_word' id='word_1_97' title='bbox 1026 1470 1173 1536; x_wconf 88' lang='lat' dir='ltr'><strong>Indicam</strong></span> <span class='ocrx_word' id='word_1_98' title='bbox 1193 1481 1238 1532; x_wconf 73' lang='lat'><strong>14.</strong></span> 
     </span>
     <span class='ocr_line' id='line_1_15' title="bbox 159 1559 1173 1646; baseline -0.002 -20"><span class='ocrx_word' id='word_1_99' title='bbox 159 1560 224 1626; x_wconf 81' lang='lat' dir='ltr'><strong>vim</strong></span> <span class='ocrx_word' id='word_1_100' title='bbox 248 1565 399 1646; x_wconf 84' lang='lat' dir='ltr'><strong>expertus</strong></span> <span class='ocrx_word' id='word_1_101' title='bbox 417 1583 485 1627; x_wconf 92' lang='lat' dir='ltr'><strong>non</strong></span> <span class='ocrx_word' id='word_1_102' title='bbox 507 1563 638 1628; x_wconf 86' lang='lat' dir='ltr'><strong>facilem</strong></span> <span class='ocrx_word' id='word_1_103' title='bbox 661 1563 709 1628; x_wconf 87' lang='lat' dir='ltr'><strong>rei</strong></span> <span class='ocrx_word' id='word_1_104' title='bbox 731 1563 867 1629; x_wconf 90' lang='lat' dir='ltr'><strong>bellicae</strong></span> <span class='ocrx_word' id='word_1_105' title='bbox 890 1583 988 1627; x_wconf 85' lang='lat' dir='ltr'><strong>manu</strong></span> <span class='ocrx_word' id='word_1_106' title='bbox 1007 1559 1173 1625; x_wconf 86' lang='lat' dir='ltr'><strong>silentium</strong></span> 
     </span>
    </p>

    <p class='ocr_par' dir='ltr' id='par_1_5' title="bbox 119 1649 1175 2085">
     <span class='ocr_line' id='line_1_16' title="bbox 119 1649 1175 1768; baseline 0.004 -60"><span class='ocrx_word' id='word_1_107' title='bbox 119 1669 145 1708; x_wconf 80' lang='grc' dir='ltr'><strong>ιι</strong></span> <span class='ocrx_word' id='word_1_108' title='bbox 159 1650 285 1734; x_wconf 86' lang='lat' dir='ltr'><strong>quaerit</strong></span> <span class='ocrx_word' id='word_1_109' title='bbox 316 1653 350 1715; x_wconf 89' lang='lat' dir='ltr'><strong>et</strong></span> <span class='ocrx_word' id='word_1_110' title='bbox 387 1651 429 1716; x_wconf 91' lang='lat' dir='ltr'><strong>ab</strong></span> <span class='ocrx_word' id='word_1_111' title='bbox 465 1651 562 1717; x_wconf 87' lang='lat' dir='ltr'><strong>hoste</strong></span> <span class='ocrx_word' id='word_1_112' title='bbox 600 1651 793 1736; x_wconf 86' lang='lat' dir='ltr'><strong>patientiam</strong></span> <span class='ocrx_word' id='word_1_113' title='bbox 825 1651 912 1768; x_wconf 64' lang='lat' dir='ltr'><strong>petit</strong></span> <span class='ocrx_word' id='word_1_114' title='bbox 944 1649 1175 1750; x_wconf 74' lang='lat' dir='ltr'><strong>paulisperque</strong></span> 
     </span>
     <span class='ocr_line' id='line_1_17' title="bbox 158 1737 1173 1909; baseline 0 -19"><span class='ocrx_word' id='word_1_115' title='bbox 158 1738 533 1909; x_wconf 62' lang='lat' dir='ltr'><strong>ttlsst&#39;llttttlttt</strong></span> <span class='ocrx_word' id='word_1_116' title='bbox 548 1737 1173 1892; x_wconf 51' lang='lat' dir='ltr'><strong>elttlltttnlsst,ittlzt</strong></span> 
     </span>
     <span class='ocr_line' id='line_1_18' title="bbox 159 1913 1172 1999; baseline 0.002 -23"><span class='ocrx_word' id='word_1_117' title='bbox 159 1913 273 1996; x_wconf 84' lang='lat' dir='ltr'><strong>vestri,</strong></span> <span class='ocrx_word' id='word_1_118' title='bbox 301 1934 374 1977; x_wconf 92' lang='lat' dir='ltr'><strong>cum</strong></span> <span class='ocrx_word' id='word_1_119' title='bbox 402 1913 486 1978; x_wconf 90' lang='lat' dir='ltr'><strong>nibil</strong></span> <span class='ocrx_word' id='word_1_120' title='bbox 511 1913 864 1998; x_wconf 80' lang='lat' dir='ltr'><strong>egerItaliudnostra</strong></span> <span class='ocrx_word' id='word_1_121' title='bbox 887 1914 1056 1978; x_wconf 90' lang='lat' dir='ltr'><strong>internos</strong></span> <span class='ocrx_word' id='word_1_122' title='bbox 1081 1935 1172 1999; x_wconf 79' lang='lat' dir='ltr'><strong>pree</strong></span> 
     </span>
     <span class='ocr_line' id='line_1_19' title="bbox 158 2000 1175 2085; baseline 0 -21"><span class='ocrx_word' id='word_1_123' title='bbox 158 2000 265 2084; x_wconf 90' lang='lat' dir='ltr'><strong>liatio,</strong></span> <span class='ocrx_word' id='word_1_124' title='bbox 292 2022 389 2084; x_wconf 92' lang='lat' dir='ltr'><strong>quam</strong></span> <span class='ocrx_word' id='word_1_125' title='bbox 412 2001 461 2066; x_wconf 92' lang='lat' dir='ltr'><strong>uti</strong></span> <span class='ocrx_word' id='word_1_126' title='bbox 483 2004 592 2067; x_wconf 81' lang='lat' dir='ltr'><strong>vestro</strong></span> <span class='ocrx_word' id='word_1_127' title='bbox 616 2001 787 2066; x_wconf 91' lang='lat' dir='ltr'><strong>commodo</strong></span> <span class='ocrx_word' id='word_1_128' title='bbox 810 2001 1021 2068; x_wconf 86' lang='lat' dir='ltr'><strong>consultaret.</strong></span> <span class='ocrx_word' id='word_1_129' title='bbox 1066 2000 1175 2085; x_wconf 79' lang='lat' dir='ltr'><strong>Igitur</strong></span> 
     </span>
    </p>

    <p class='ocr_par' dir='ltr' id='par_1_6' title="bbox 119 2087 1174 2509">
     <span class='ocr_line' id='line_1_20' title="bbox 119 2087 1174 2172; baseline 0.002 -22"><span class='ocrx_word' id='word_1_130' title='bbox 119 2109 147 2150; x_wconf 83' lang='lat' dir='ltr'><strong>ao</strong></span> <span class='ocrx_word' id='word_1_131' title='bbox 161 2109 234 2153; x_wconf 91' lang='lat' dir='ltr'><strong>cum</strong></span> <span class='ocrx_word' id='word_1_132' title='bbox 262 2089 367 2155; x_wconf 91' lang='lat' dir='ltr'><strong>omnis</strong></span> <span class='ocrx_word' id='word_1_133' title='bbox 395 2089 607 2155; x_wconf 82' lang='lat' dir='ltr'><strong>milltantium</strong></span> <span class='ocrx_word' id='word_1_134' title='bbox 634 2090 684 2155; x_wconf 86' lang='lat' dir='ltr'><strong>vis</strong></span> <span class='ocrx_word' id='word_1_135' title='bbox 714 2089 744 2154; x_wconf 92' lang='lat' dir='ltr'><strong>ei</strong></span> <span class='ocrx_word' id='word_1_136' title='bbox 772 2089 985 2155; x_wconf 85' lang='lat' dir='ltr'><strong>ostentationi</strong></span> <span class='ocrx_word' id='word_1_137' title='bbox 1013 2087 1174 2172; x_wconf 89' lang='lat' dir='ltr'><strong>proficiat,</strong></span> 
     </span>
     <span class='ocr_line' id='line_1_21' title="bbox 160 2175 1174 2265; baseline -0.002 -23"><span class='ocrx_word' id='word_1_138' title='bbox 160 2178 187 2242; x_wconf 95' lang='lat' dir='ltr'><strong>si</strong></span> <span class='ocrx_word' id='word_1_139' title='bbox 205 2181 289 2243; x_wconf 90' lang='lat' dir='ltr'><strong>teste</strong></span> <span class='ocrx_word' id='word_1_140' title='bbox 307 2177 505 2262; x_wconf 88' lang='lat' dir='ltr'><strong>imperatore</strong></span> <span class='ocrx_word' id='word_1_141' title='bbox 524 2200 592 2258; x_wconf 89' lang='lat' dir='ltr'><strong>suo,</strong></span> <span class='ocrx_word' id='word_1_142' title='bbox 612 2179 698 2264; x_wconf 89' lang='lat' dir='ltr'><strong>quod</strong></span> <span class='ocrx_word' id='word_1_143' title='bbox 717 2178 856 2265; x_wconf 61' lang='lat' dir='ltr'><strong>sinpilis</strong></span> <span class='ocrx_word' id='word_1_144' title='bbox 875 2177 919 2243; x_wconf 92' lang='lat' dir='ltr'><strong>sit</strong></span> <span class='ocrx_word' id='word_1_145' title='bbox 932 2177 1042 2242; x_wconf 84' lang='lat' dir='ltr'><strong>devoti</strong></span> <span class='ocrx_word' id='word_1_146' title='bbox 1062 2175 1174 2262; x_wconf 91' lang='lat' dir='ltr'><strong>animi,</strong></span> 
     </span>
     <span class='ocr_line' id='line_1_22' title="bbox 159 2265 1174 2352; baseline -0.001 -21"><span class='ocrx_word' id='word_1_147' title='bbox 159 2266 421 2352; x_wconf 80' lang='lat' dir='ltr'><strong>monstraverint,</strong></span> <span class='ocrx_word' id='word_1_148' title='bbox 444 2267 603 2352; x_wconf 91' lang='lat' dir='ltr'><strong>quidhoc</strong></span> <span class='ocrx_word' id='word_1_149' title='bbox 626 2268 674 2332; x_wconf 90' lang='lat' dir='ltr'><strong>rei</strong></span> <span class='ocrx_word' id='word_1_150' title='bbox 693 2270 752 2351; x_wconf 89' lang='lat' dir='ltr'><strong>est,</strong></span> <span class='ocrx_word' id='word_1_151' title='bbox 775 2267 860 2352; x_wconf 91' lang='lat' dir='ltr'><strong>quod</strong></span> <span class='ocrx_word' id='word_1_152' title='bbox 879 2267 1045 2332; x_wconf 86' lang='lat' dir='ltr'><strong>ineassum</strong></span> <span class='ocrx_word' id='word_1_153' title='bbox 1064 2265 1174 2330; x_wconf 89' lang='lat' dir='ltr'><strong>discri-</strong></span> 
     </span>
     <span class='ocr_line' id='line_1_23' title="bbox 160 2354 1173 2441; baseline 0 -22"><span class='ocrx_word' id='word_1_154' title='bbox 160 2356 248 2420; x_wconf 86' lang='lat' dir='ltr'><strong>mina</strong></span> <span class='ocrx_word' id='word_1_155' title='bbox 273 2358 384 2421; x_wconf 83' lang='lat' dir='ltr'><strong>vestra</strong></span> <span class='ocrx_word' id='word_1_156' title='bbox 409 2356 621 2441; x_wconf 84' lang='lat' dir='ltr'><strong>profunditis,</strong></span> <span class='ocrx_word' id='word_1_157' title='bbox 652 2355 728 2422; x_wconf 88' lang='lat' dir='ltr'><strong>Pori</strong></span> <span class='ocrx_word' id='word_1_158' title='bbox 757 2356 823 2421; x_wconf 91' lang='lat' dir='ltr'><strong>iam</strong></span> <span class='ocrx_word' id='word_1_159' title='bbox 853 2354 1042 2421; x_wconf 90' lang='lat' dir='ltr'><strong>testimonio</strong></span> <span class='ocrx_word' id='word_1_160' title='bbox 1072 2354 1173 2420; x_wconf 85' lang='lat' dir='ltr'><strong>faces·</strong></span> 
     </span>
     <span class='ocr_line' id='line_1_24' title="bbox 161 2443 297 2509; baseline 0.007 -1"><span class='ocrx_word' id='word_1_161' title='bbox 161 2443 297 2509; x_wconf 78' lang='lat' dir='ltr'><strong>sente‘l&#39;</strong></span> 
     </span>
    </p>

    <p class='ocr_par' dir='ltr' id='par_1_7' title="bbox 118 2529 1271 2970">
     <span class='ocr_line' id='line_1_25' title="bbox 118 2529 1237 2600; baseline -0.003 -7"><span class='ocrx_word' id='word_1_162' title='bbox 118 2551 147 2593; x_wconf 79' lang='lat' dir='ltr'><strong>ao</strong></span> <span class='ocrx_word' id='word_1_163' title='bbox 249 2531 284 2600; x_wconf 82' lang='grc'><strong>9.</strong></span> <span class='ocrx_word' id='word_1_164' title='bbox 327 2533 380 2598; x_wconf 92' lang='lat' dir='ltr'><strong>Ad</strong></span> <span class='ocrx_word' id='word_1_165' title='bbox 410 2534 492 2599; x_wconf 89' lang='lat' dir='ltr'><strong>haee</strong></span> <span class='ocrx_word' id='word_1_166' title='bbox 524 2533 612 2600; x_wconf 86' lang='lat' dir='ltr'><strong>dicta</strong></span> <span class='ocrx_word' id='word_1_167' title='bbox 643 2555 717 2600; x_wconf 90' lang='lat' dir='ltr'><strong>cum</strong></span> <span class='ocrx_word' id='word_1_168' title='bbox 749 2531 824 2598; x_wconf 92' lang='lat' dir='ltr'><strong>Indi</strong></span> <span class='ocrx_word' id='word_1_169' title='bbox 856 2554 890 2598; x_wconf 89' lang='lat' dir='ltr'><strong>se</strong></span> <span class='ocrx_word' id='word_1_170' title='bbox 922 2531 1009 2598; x_wconf 88' lang='lat' dir='ltr'><strong>nolle</strong></span> <span class='ocrx_word' id='word_1_171' title='bbox 1039 2529 1173 2596; x_wconf 85' lang='lat' dir='ltr'><strong>Graecis</strong></span> <span class='ocrx_word' id='word_1_172' title='bbox 1192 2540 1237 2592; x_wconf 85' lang='lat'><strong>15.</strong></span> 
     </span>
     <span class='ocr_line' id='line_1_26' title="bbox 159 2618 1271 2708; baseline -0.004 -22"><span class='ocrx_word' id='word_1_173' title='bbox 159 2622 231 2688; x_wconf 89' lang='lat' dir='ltr'><strong>fieri</strong></span> <span class='ocrx_word' id='word_1_174' title='bbox 263 2622 410 2706; x_wconf 86' lang='lat' dir='ltr'><strong>captivos</strong></span> <span class='ocrx_word' id='word_1_175' title='bbox 454 2621 684 2708; x_wconf 89' lang='lat' dir='ltr'><strong>dominumque</strong></span> <span class='ocrx_word' id='word_1_176' title='bbox 715 2621 936 2688; x_wconf 85' lang='lat' dir='ltr'><strong>Alexandrum</strong></span> <span class='ocrx_word' id='word_1_177' title='bbox 976 2620 1046 2705; x_wconf 90' lang='lat' dir='ltr'><strong>pati</strong></span> <span class='ocrx_word' id='word_1_178' title='bbox 1082 2618 1175 2703; x_wconf 81' lang='lat' dir='ltr'><strong>vulgi</strong></span> <span class='ocrx_word' id='word_1_179' title='bbox 1268 2629 1271 2634; x_wconf 84' lang='lat'>&#39;</span> 
     </span>
     <span class='ocr_line' id='line_1_27' title="bbox 160 2708 1174 2790; baseline -0.003 -16"><span class='ocrx_word' id='word_1_180' title='bbox 160 2731 324 2775; x_wconf 91' lang='lat' dir='ltr'><strong>murmure</strong></span> <span class='ocrx_word' id='word_1_181' title='bbox 346 2713 556 2790; x_wconf 88' lang='lat' dir='ltr'><strong>testarentur,</strong></span> <span class='ocrx_word' id='word_1_182' title='bbox 579 2710 719 2776; x_wconf 89' lang='lat' dir='ltr'><strong>secundo</strong></span> <span class='ocrx_word' id='word_1_183' title='bbox 744 2709 845 2775; x_wconf 88' lang='lat' dir='ltr'><strong>etiam</strong></span> <span class='ocrx_word' id='word_1_184' title='bbox 868 2730 1015 2775; x_wconf 87' lang='lat' dir='ltr'><strong>sermone</strong></span> <span class='ocrx_word' id='word_1_185' title='bbox 1034 2708 1174 2772; x_wconf 85' lang='lat' dir='ltr'><strong>Alexan·</strong></span> 
     </span>
     <span class='ocr_line' id='line_1_28' title="bbox 161 2797 1175 2882; baseline -0.002 -20"><span class='ocrx_word' id='word_1_186' title='bbox 161 2797 218 2862; x_wconf 91' lang='lat' dir='ltr'><strong>der</strong></span> <span class='ocrx_word' id='word_1_187' title='bbox 236 2800 356 2882; x_wconf 87' lang='lat' dir='ltr'><strong>monet,</strong></span> <span class='ocrx_word' id='word_1_188' title='bbox 379 2799 541 2864; x_wconf 86' lang='lat' dir='ltr'><strong>solverent</strong></span> <span class='ocrx_word' id='word_1_189' title='bbox 559 2798 645 2864; x_wconf 91' lang='lat' dir='ltr'><strong>hunc</strong></span> <span class='ocrx_word' id='word_1_190' title='bbox 663 2798 771 2864; x_wconf 86' lang='lat' dir='ltr'><strong>cordis</strong></span> <span class='ocrx_word' id='word_1_191' title='bbox 794 2798 846 2862; x_wconf 89' lang='lat' dir='ltr'><strong>sui</strong></span> <span class='ocrx_word' id='word_1_192' title='bbox 868 2801 991 2863; x_wconf 88' lang='lat' dir='ltr'><strong>metum</strong></span> <span class='ocrx_word' id='word_1_193' title='bbox 1011 2798 1175 2880; x_wconf 86' lang='lat' dir='ltr'><strong>exspecta·</strong></span> 
     </span>
     <span class='ocr_line' id='line_1_29' title="bbox 160 2885 1175 2970; baseline -0.004 -18"><span class='ocrx_word' id='word_1_194' title='bbox 160 2887 346 2970; x_wconf 88' lang='lat' dir='ltr'><strong>tionemque</strong></span> <span class='ocrx_word' id='word_1_195' title='bbox 378 2905 529 2952; x_wconf 90' lang='lat' dir='ltr'><strong>curarum</strong></span> <span class='ocrx_word' id='word_1_196' title='bbox 561 2887 719 2952; x_wconf 89' lang='lat' dir='ltr'><strong>eiusmodi</strong></span> <span class='ocrx_word' id='word_1_197' title='bbox 748 2886 914 2951; x_wconf 91' lang='lat' dir='ltr'><strong>abicerent</strong></span> <span class='ocrx_word' id='word_1_198' title='bbox 945 2889 1043 2970; x_wconf 85' lang='lat' dir='ltr'><strong>atque</strong></span> <span class='ocrx_word' id='word_1_199' title='bbox 1074 2885 1175 2949; x_wconf 87' lang='lat' dir='ltr'><strong>seclu-</strong></span> 
     </span>
    </p>

    <p class='ocr_par' dir='ltr' id='par_1_8' title="bbox 121 2971 1177 3238">
     <span class='ocr_line' id='line_1_30' title="bbox 121 2971 1175 3059; baseline -0.005 -18"><span class='ocrx_word' id='word_1_200' title='bbox 121 2994 148 3034; x_wconf 61' lang='grc' dir='ltr'><strong>ιο</strong></span> <span class='ocrx_word' id='word_1_201' title='bbox 162 2976 288 3058; x_wconf 85' lang='lat' dir='ltr'><strong>darent,</strong></span> <span class='ocrx_word' id='word_1_202' title='bbox 323 2977 355 3039; x_wconf 91' lang='lat' dir='ltr'><strong>et</strong></span> <span class='ocrx_word' id='word_1_203' title='bbox 382 2973 478 3039; x_wconf 85' lang='lat' dir='ltr'><strong>fidem</strong></span> <span class='ocrx_word' id='word_1_204' title='bbox 506 2975 572 3039; x_wconf 91' lang='lat' dir='ltr'><strong>rati</strong></span> <span class='ocrx_word' id='word_1_205' title='bbox 598 2975 654 3039; x_wconf 90' lang='lat' dir='ltr'><strong>dat</strong></span> <span class='ocrx_word' id='word_1_206' title='bbox 680 2973 897 3041; x_wconf 90' lang='lat' dir='ltr'><strong>iureiurando.</strong></span> <span class='ocrx_word' id='word_1_207' title='bbox 946 2971 1061 3059; x_wconf 86' lang='lat' dir='ltr'><strong>Neque</strong></span> <span class='ocrx_word' id='word_1_208' title='bbox 1090 2973 1175 3037; x_wconf 88' lang='lat' dir='ltr'><strong>enim</strong></span> 
     </span>
     <span class='ocr_line' id='line_1_31' title="bbox 162 3059 1176 3147; baseline -0.006 -17"><span class='ocrx_word' id='word_1_209' title='bbox 162 3065 226 3130; x_wconf 90' lang='lat' dir='ltr'><strong>sibi</strong></span> <span class='ocrx_word' id='word_1_210' title='bbox 253 3062 422 3128; x_wconf 90' lang='lat' dir='ltr'><strong>libidinem</strong></span> <span class='ocrx_word' id='word_1_211' title='bbox 450 3063 551 3128; x_wconf 89' lang='lat' dir='ltr'><strong>talem</strong></span> <span class='ocrx_word' id='word_1_212' title='bbox 579 3067 636 3128; x_wconf 90' lang='lat' dir='ltr'><strong>aut</strong></span> <span class='ocrx_word' id='word_1_213' title='bbox 663 3062 857 3128; x_wconf 90' lang='lat' dir='ltr'><strong>desiderium</strong></span> <span class='ocrx_word' id='word_1_214' title='bbox 887 3084 1040 3147; x_wconf 92' lang='lat' dir='ltr'><strong>umquam</strong></span> <span class='ocrx_word' id='word_1_215' title='bbox 1069 3059 1176 3126; x_wconf 89' lang='lat' dir='ltr'><strong>Indici</strong></span> 
     </span>
     <span class='ocr_line' id='line_1_32' title="bbox 149 3151 1177 3238; baseline -0.004 -21"><span class='ocrx_word' id='word_1_216' title='bbox 149 3153 290 3238; x_wconf 87' lang='lat' dir='ltr'><strong>&#39;imperii</strong></span> <span class='ocrx_word' id='word_1_217' title='bbox 322 3151 502 3235; x_wconf 86' lang='lat' dir='ltr'><strong>adstitisse,</strong></span> <span class='ocrx_word' id='word_1_218' title='bbox 539 3152 595 3216; x_wconf 91' lang='lat' dir='ltr'><strong>sed</strong></span> <span class='ocrx_word' id='word_1_219' title='bbox 632 3152 719 3217; x_wconf 86' lang='lat' dir='ltr'><strong>eninr</strong></span> <span class='ocrx_word' id='word_1_220' title='bbox 756 3173 886 3217; x_wconf 90' lang='lat' dir='ltr'><strong>omnem</strong></span> <span class='ocrx_word' id='word_1_221' title='bbox 918 3151 1010 3215; x_wconf 86' lang='lat' dir='ltr'><strong>illam</strong></span> <span class='ocrx_word' id='word_1_222' title='bbox 1044 3170 1177 3214; x_wconf 82' lang='lat' dir='ltr'><strong>causam</strong></span> 
     </span>
    </p>
   </div>
   <div class='ocr_carea' id='block_1_3' title="bbox 69 3300 1177 3689">
    <p class='ocr_par' dir='ltr' id='par_1_9' title="bbox 163 3300 1177 3522">
     <span class='ocr_line' id='line_1_33' title="bbox 251 3300 1177 3405; baseline -0.005 -25"><span class='ocrx_word' id='word_1_223' title='bbox 251 3325 280 3380; x_wconf 81' lang='lat' dir='ltr'><strong>a.</strong></span> <span class='ocrx_word' id='word_1_224' title='bbox 314 3330 329 3379; x_wconf 84' lang='lat' dir='ltr'><strong>o</strong></span> <span class='ocrx_word' id='word_1_225' title='bbox 349 3325 467 3395; x_wconf 77' lang='lat' dir='ltr'><strong>inguina</strong></span> <span class='ocrx_word' id='word_1_226' title='bbox 485 3326 521 3381; x_wconf 80' lang='lat' dir='ltr'><strong>A.</strong></span> <span class='ocrx_word' id='word_1_227' title='bbox 548 3300 664 3396; x_wconf 60' lang='lat' dir='ltr'><strong>anilem</strong></span> <span class='ocrx_word' id='word_1_228' title='bbox 682 3325 715 3380; x_wconf 82' lang='lat' dir='ltr'><strong>P.</strong></span> <span class='ocrx_word' id='word_1_229' title='bbox 790 3330 824 3380; x_wconf 85' lang='grc' dir='ltr'><strong>ιο</strong></span> <span class='ocrx_word' id='word_1_230' title='bbox 843 3325 951 3380; x_wconf 65' lang='lat' dir='ltr'><strong>omnes</strong></span> <span class='ocrx_word' id='word_1_231' title='bbox 969 3324 1002 3379; x_wconf 80' lang='grc' dir='ltr'><strong>Ρ.</strong></span> <span class='ocrx_word' id='word_1_232' title='bbox 1029 3321 1121 3405; x_wconf 60' lang='lat' dir='ltr'><strong>mnae</strong></span> <span class='ocrx_word' id='word_1_233' title='bbox 1140 3321 1177 3376; x_wconf 76' lang='lat' dir='ltr'><strong>n.</strong></span> 
     </span>
     <span class='ocr_line' id='line_1_34' title="bbox 165 3393 1177 3464; baseline -0.001 -16"><span class='ocrx_word' id='word_1_234' title='bbox 165 3399 199 3449; x_wconf 81' lang='lat'><strong>14</strong></span> <span class='ocrx_word' id='word_1_235' title='bbox 215 3411 275 3449; x_wconf 89' lang='lat' dir='ltr'><strong>rem</strong></span> <span class='ocrx_word' id='word_1_236' title='bbox 288 3395 399 3464; x_wconf 86' lang='lat' dir='ltr'><strong>bellico,</strong></span> <span class='ocrx_word' id='word_1_237' title='bbox 418 3412 486 3452; x_wconf 84' lang='lat' dir='ltr'><strong>corr.</strong></span> <span class='ocrx_word' id='word_1_238' title='bbox 506 3397 541 3452; x_wconf 85' lang='lat' dir='ltr'><strong>ab</strong></span> <span class='ocrx_word' id='word_1_239' title='bbox 560 3397 610 3452; x_wconf 83' lang='lat' dir='ltr'><strong>ult.</strong></span> <span class='ocrx_word' id='word_1_240' title='bbox 625 3413 712 3452; x_wconf 77' lang='lat' dir='ltr'><strong>mona</strong></span> <span class='ocrx_word' id='word_1_241' title='bbox 725 3397 757 3452; x_wconf 81' lang='lat' dir='ltr'><strong>a&#39;n</strong></span> <span class='ocrx_word' id='word_1_242' title='bbox 770 3395 903 3452; x_wconf 87' lang='lat' dir='ltr'><strong>bellicam</strong></span> <span class='ocrx_word' id='word_1_243' title='bbox 916 3397 953 3452; x_wconf 81' lang='lat' dir='ltr'><strong>A.</strong></span> <span class='ocrx_word' id='word_1_244' title='bbox 996 3401 1029 3449; x_wconf 78' lang='lat'><strong>17</strong></span> <span class='ocrx_word' id='word_1_245' title='bbox 1047 3393 1177 3448; x_wconf 82' lang='lat' dir='ltr'><strong>burnace-</strong></span> 
     </span>
     <span class='ocr_line' id='line_1_35' title="bbox 163 3463 614 3522; baseline 0.013 -6"><span class='ocrx_word' id='word_1_246' title='bbox 163 3463 241 3518; x_wconf 90' lang='lat' dir='ltr'><strong>modi</strong></span> <span class='ocrx_word' id='word_1_247' title='bbox 260 3464 295 3519; x_wconf 90' lang='lat' dir='ltr'><strong>P.</strong></span> <span class='ocrx_word' id='word_1_248' title='bbox 367 3471 403 3520; x_wconf 71' lang='lat'><strong>20</strong></span> <span class='ocrx_word' id='word_1_249' title='bbox 421 3467 448 3521; x_wconf 91' lang='lat' dir='ltr'><strong>ei</strong></span> <span class='ocrx_word' id='word_1_250' title='bbox 469 3466 503 3522; x_wconf 91' lang='lat' dir='ltr'><strong>P.</strong></span> <span class='ocrx_word' id='word_1_251' title='bbox 532 3467 561 3521; x_wconf 90' lang='lat' dir='ltr'><strong>et</strong></span> <span class='ocrx_word' id='word_1_252' title='bbox 579 3468 614 3522; x_wconf 80' lang='lat' dir='ltr'><strong>A.</strong></span> 
     </span>
    </p>

    <p class='ocr_par' dir='ltr' id='par_1_10' title="bbox 69 3533 1177 3689">
     <span class='ocr_line' id='line_1_36' title="bbox 252 3533 1177 3609; baseline 0.003 -22"><span class='ocrx_word' id='word_1_253' title='bbox 252 3533 282 3588; x_wconf 84' lang='lat' dir='ltr'><strong>o.</strong></span> <span class='ocrx_word' id='word_1_254' title='bbox 315 3539 350 3589; x_wconf 79' lang='lat'><strong>26</strong></span> <span class='ocrx_word' id='word_1_255' title='bbox 370 3534 570 3605; x_wconf 86' lang='lat' dir='ltr'><strong>dominumque</strong></span> <span class='ocrx_word' id='word_1_256' title='bbox 588 3537 624 3590; x_wconf 80' lang='lat' dir='ltr'><strong>A.</strong></span> <span class='ocrx_word' id='word_1_257' title='bbox 653 3537 797 3609; x_wconf 84' lang='lat' dir='ltr'><strong>dominum</strong></span> <span class='ocrx_word' id='word_1_258' title='bbox 815 3537 848 3592; x_wconf 92' lang='lat' dir='ltr'><strong>P.</strong></span> <span class='ocrx_word' id='word_1_259' title='bbox 933 3542 967 3592; x_wconf 78' lang='lat'><strong>31</strong></span> <span class='ocrx_word' id='word_1_260' title='bbox 986 3551 1121 3608; x_wconf 89' lang='lat' dir='ltr'><strong>amquam</strong></span> <span class='ocrx_word' id='word_1_261' title='bbox 1140 3533 1177 3590; x_wconf 77' lang='lat' dir='ltr'><strong>A.</strong></span> 
     </span>
     <span class='ocr_line' id='line_1_37' title="bbox 69 3603 642 3689; baseline 0.019 -36"><span class='ocrx_word' id='word_1_262' title='bbox 69 3629 88 3686; x_wconf 70' lang='grc' dir='ltr'><strong>;ἶ</strong></span> <span class='ocrx_word' id='word_1_263' title='bbox 101 3633 123 3689; x_wconf 60' lang='lat'><strong>,5</strong></span> <span class='ocrx_word' id='word_1_264' title='bbox 148 3616 249 3682; x_wconf 39' lang='lat' dir='ltr'><strong>,guam</strong></span> <span class='ocrx_word' id='word_1_265' title='bbox 260 3603 304 3689; x_wconf 66' lang='grc' dir='ltr'><strong>ἰΡἰ</strong></span> <span class='ocrx_word' id='word_1_266' title='bbox 375 3610 409 3658; x_wconf 72' lang='lat'><strong>82</strong></span> <span class='ocrx_word' id='word_1_267' title='bbox 429 3605 588 3663; x_wconf 70' lang='lat' dir='ltr'><strong>adstiuaset</strong></span> <span class='ocrx_word' id='word_1_268' title='bbox 605 3608 642 3664; x_wconf 81' lang='lat' dir='ltr'><strong>A.</strong></span> 
     </span>
    </p>
   </div>
   <div class='ocr_carea' id='block_1_4' title="bbox 0 0 1330 3920">
    <p class='ocr_par' dir='ltr' id='par_1_11' title="bbox 0 0 1330 3920">
     <span class='ocr_line' id='line_1_38' title="bbox 0 0 1330 3920; baseline 0 2"><span class='ocrx_word' id='word_1_269' title='bbox 0 0 1330 3920; x_wconf 95' lang='lat' dir='ltr'><strong> </strong></span> 
     </span>
    </p>
   </div>
  </div>
 </body>
</html>
