2648 3924
173 175 238 237 114
589 173 698 229 LIBER
716 174 763 229 Ill.
805 219 809 223 .

172 341 222 404 est
244 335 391 422 nihilque
414 336 549 422 dignum
573 335 689 420 opibus
707 337 828 403 nostris
852 342 909 402 aut
927 339 1186 405 amoenitatibus

170 425 285 510 habet,
312 447 417 510 neque
446 425 593 510 quaesita
616 429 667 490 est
689 446 792 510 neque
815 430 997 510 quaeretur.
1041 426 1074 492 Is
1098 429 1183 493 enim

171 513 299 579 demum
313 514 407 580 labor
426 513 535 579 suavis
555 517 605 578 est
618 513 862 600 proeliantibus,
882 535 921 579 ex
938 536 1002 599 quo
1022 514 1066 580 sit
1084 517 1184 582 etiam

169 603 286 668 idonea
315 623 389 687 spes
417 602 645 686 praemiorum.
691 601 804 687 Neque
832 604 919 668 enim
947 607 997 668 est
1023 607 1183 688 nostrum,

137 713 150 754 e
169 691 204 756 in
222 711 342 775 magno
361 693 480 756 conatu
500 689 598 775 digno
620 712 737 774 operae
757 692 863 776 pretio
882 693 1036 758 caruisse.
1076 692 1181 769 Quare

169 779 203 844 id
225 780 323 846 tertio
346 779 412 844 iarn
436 779 585 863 praedico
615 800 653 845 ae
676 779 831 846 denuntio
859 780 935 865 tibi,
962 781 1013 846 uti
1039 781 1182 847 facessas

169 889 208 933 ex
231 868 293 950 his,
318 867 434 953 quibus
457 868 616 952 imperare
639 889 706 934 non
730 867 857 952 possis?

258 953 293 1024 4.
330 955 391 1021 His
420 955 538 1020 litteris
566 957 696 1040 publice
725 956 883 1037 recitatis,
911 957 1094 1022 Alexander
1122 959 1180 1024 ait:
1198 958 1229 1015 ⁶·
1268 963 1270 971 ‘

169 1043 277 1110 ‘Nunc
297 1065 423 1130 quoque
442 1065 500 1109 vos
520 1066 646 1129 moneo,
670 1045 869 1110 sanctissimi
887 1045 1019 1131 milites,
1041 1068 1082 1112 ne
1105 1047 1182 1131 quid

127 1156 154 1195 ro
168 1154 299 1198 rursum
331 1133 574 1218 magnificentia
603 1133 668 1197 ista
697 1133 868 1199 barbarica
897 1135 1023 1200 animos
1054 1139 1181 1200 vestros

167 1222 387 1286 inconsultius
421 1220 542 1286 turbet.
587 1220 717 1286 Auditis
754 1222 840 1286 enim
870 1221 989 1296 litteris
1018 1221 1096 1288 Pori
1132 1245 1180 1289 re-

167 1312 281 1374 vocate
295 1309 386 1374 illam
401 1330 528 1394 quoque
542 1308 727 1374 litterarum
742 1308 836 1374 Darii
850 1311 1050 1394 memoriam,
1064 1311 1183 1376 videte·
1314 1381 1315 1398 ,

168 1419 245 1482 que,
279 1420 356 1463 num
390 1397 584 1482 adrogantia
611 1397 734 1481 dispar,
765 1419 845 1463 num
877 1399 1049 1464 dissimilia
1080 1401 1181 1464 verba
1295 1441 1302 1447 -

167 1494 223 1551 aut
262 1487 305 1552 sit
335 1485 515 1552 ,dissimilis
552 1485 780 1570 imprudentia.
838 1485 931 1553 Sicut
971 1488 1057 1552 enim
1097 1488 1180 1553 istae

127 1596 153 1637 ιε
166 1575 252 1640 ferae
279 1575 417 1659 bestiae,
451 1595 533 1659 quae
559 1575 644 1658 apud
670 1574 760 1660 ipsos
786 1579 863 1640 sunt
886 1575 1058 1661 plurimae,
1085 1576 1180 1659 pardi

166 1663 316 1730 videlicet
332 1668 367 1729 et
384 1665 497 1728 leones
515 1663 753 1748 elephantique,
776 1665 845 1729 solo
867 1665 924 1729 illo
943 1668 1081 1730 naturae
1104 1687 1180 1730 suae

164 1751 268 1818 fretae
291 1753 415 1836 impetu
444 1755 476 1816 et
504 1753 648 1834 corporis
677 1751 862 1838 alacritate,
889 1751 983 1818 facile
1010 1753 1180 1819 hominum

166 1841 327 1924 sapientia
350 1841 579 1925 subiugantur,
608 1839 720 1904 itidem
747 1840 846 1907 hosce
875 1841 1034 1908 barbaros
1061 1842 1180 1907 intelli-

166 1929 252 2013 getis
271 1928 388 1993 fiducia
408 1927 624 1993 multitudinis
644 1927 754 2013 fretos,
775 1929 866 1994 nulla
884 1934 995 1995 tamen
1013 1931 1179 2014 praeditos

126 2037 152 2080 ao
165 2017 375 2101 imperatoria
394 2014 557 2082 Graeeave
581 2016 742 2102 sapientia
764 2017 918 2101 perfacile
937 2039 1012 2083 mox
1031 2019 1064 2083 in
1084 2018 1179 2083 dicio·

164 2126 239 2170 nem
266 2108 415 2170 nostram
444 2123 513 2170 esse
542 2109 710 2189 venturos,
739 2109 837 2193 atque
864 2106 978 2171 itidem
1005 2105 1180 2190 prudentia

163 2198 277 2259 nostra
306 2197 346 2258 ad
375 2193 552 2277 perniciem
582 2194 633 2258 sui
663 2195 711 2259 uti
740 2216 853 2278 posse,
881 2197 918 2259 ut
948 2195 983 2259 in
1011 2194 1098 2260 feras
1129 2199 1180 2260 est

164 2281 270 2346 facilis
293 2280 480 2347 hominibus
504 2280 657 2348 effectus?

253 2368 287 2436 d.
320 2368 359 2436 ln
376 2371 463 2436 bunc
487 2369 554 2435 fere
572 2370 705 2435 modum
721 2370 908 2436 Alexander
931 2392 1005 2436 cum
1029 2392 1103 2437 suos
1122 2371 1176 2436 ad·
1197 2372 1225 2427 7·

124 2457 313 2524 cohortatus
340 2462 439 2542 esset,
467 2459 536 2542 ipse
565 2480 692 2544 quoque
715 2457 791 2524 Pori
818 2459 936 2526 littoris
964 2481 1177 2544 responsurus

162 2547 197 2612 in
217 2547 302 2614 hane
322 2547 517 2612 sententiam
536 2547 664 2612 scribit:
687 2546 829 2613 ‘Terreri
852 2569 913 2614 nos
931 2551 1061 2633 putans,
1084 2547 1176 2632 Pure,
1214 2587 1222 2598 .

163 2635 282 2701 litteris
311 2636 377 2700 tuis
405 2655 562 2720 magnum
590 2636 762 2701 admodum
788 2637 869 2702 meis
897 2637 1041 2704 consiliis
1068 2637 1176 2700 inccn-

163 2724 267 2787 tivum
293 2723 500 2807 praestitisti,
530 2745 593 2806 quo
623 2724 719 2790 nobis
749 2724 784 2789 in
812 2747 870 2790 vos
900 2725 1095 2809 dispositum
1125 2727 1177 2788 cst

163 2811 312 2876 militare.
358 2811 447 2876 Dicis
475 2811 561 2876 enim
589 2812 672 2876 nihil
700 2812 858 2878 eiusmodi
882 2813 1002 2879 habere
1026 2812 1177 2898 Graecos,

121 2920 149 2962 eo
164 2899 249 2985 quod
280 2899 324 2964 sit
354 2899 488 2984 dignum
518 2900 557 2964 ad
588 2900 790 2984 opulentiam
818 2905 979 2986 vestram,
1010 2924 1069 2967 vos
1099 2922 1177 2966 vero
1224 2927 1226 2932 ⁴

254 3044 268 3092 1
287 3038 367 3093 uerbo
387 3037 453 3092 ‘est'
473 3037 572 3104 ficitur
585 3039 669 3106 prius
687 3039 786 3106 folium
804 3039 969 3096 Basileeoce.
1025 3045 1040 3094 2
1060 3055 1176 3108 quaere·

160 3111 238 3164 retur
255 3109 291 3163 A.
323 3109 350 3162 Is
369 3108 404 3162 A.
431 3107 475 3161 his
494 3108 527 3163 P.
582 3108 692 3163 4enim
712 3126 761 3165 om.
780 3111 815 3164 A.
872 3115 990 3180 topere
1009 3109 1045 3164 A.

250 3178 278 3234 4.
299 3185 314 3234 9
334 3195 369 3233 ne
384 3177 452 3248 quid
463 3178 497 3233 P.
516 3195 552 3232 ne
566 3177 615 3247 qui
628 3179 700 3234 idA.
734 3185 768 3233 11
782 3180 955 3236 inconsultos
964 3183 999 3236 A.
1034 3186 1066 3234 12
1081 3179 1176 3234 videte

161 3265 233 3320 quae
253 3267 320 3304 num
339 3254 447 3306 correct.
467 3251 499 3303 ic
517 3249 611 3304 videte
629 3267 700 3319 quae
720 3269 786 3306 nam
795 3251 831 3306 A.
888 3257 922 3306 14
940 3253 1035 3306 autA.
1054 3251 1131 3305 haud
1141 3251 1174 3304 P.

160 3321 236 3375 ferae
259 3319 331 3376 istae
353 3320 517 3387 bestiaeque
536 3321 573 3374 A.
644 3327 676 3375 17
695 3321 766 3376 frete
785 3322 817 3376 P.
846 3323 913 3377 freti
930 3323 966 3378 A.
1000 3326 1029 3377 et
1052 3321 1176 3390 corporis

161 3391 232 3444 Mai.
260 3405 294 3443 ex
312 3389 436 3459 eorporis
455 3392 491 3446 A.
499 3390 533 3445 P.
572 3395 605 3445 18
623 3389 723 3446 itidem
745 3393 778 3446 P.
804 3393 880 3447 idem
898 3394 934 3448 A.
959 3391 1120 3462 intelligitis
1138 3391 1175 3445 A.

160 3464 194 3511 22
213 3458 405 3526 pernicionem
423 3460 459 3516 A.

250 3529 279 3582 5.
308 3535 341 3583 27
360 3531 512 3585 admodum
531 3530 688 3602 consilium,
709 3534 798 3588 uerbis
816 3535 903 3589 lituro
920 3533 1056 3604 separatis
1073 3532 1110 3588 A.
