2646 3934
389 186 507 242 PRIMA
525 186 728 242 RESPONSIO
748 188 903 244 DINDIMI.
1092 189 1155 254 l'l'l

137 349 370 432 stellarumque
399 348 582 433 fulgoribus
612 350 761 432 rutilare,
795 351 895 414 solem
928 351 1075 435 puniceis
1108 352 1156 416 in-

136 439 266 502 vectum
296 437 460 521 iugalibus
492 438 596 502 crines
627 459 686 521 per
714 438 828 503 orbem
857 438 1024 504 radiantes
1055 440 1156 506 effun-

137 526 228 609 dere,
263 547 359 609 quem
394 525 532 590 bissenis
565 527 756 591 incumbens
791 526 957 591 mensibus
991 527 1155 594 redivivus

136 634 241 678 annus
263 613 337 678 inde
360 615 579 699 persequitur,
606 618 755 698 tempora
780 615 875 679 sertis
905 636 942 679 ac
971 617 1155 700 pampineis

138 702 243 767 cincta
270 702 468 768 redimiculis
497 705 707 786 comitantur,
738 703 807 767 dies
836 723 963 786 quoque
993 705 1181 770 volubiless

136 795 170 854 et
192 790 292 855 horae
311 791 520 856 volubiliores
545 792 750 856 antecedunt.
786 790 956 856 Cernimus
981 791 1082 856 etiam
1101 813 1154 876 pe-

135 879 230 962 lagus
261 879 369 943 colore
397 901 559 962 purpureo
587 882 811 963 venustatum,
841 880 927 962 quod
957 880 1093 962 placidis
1122 886 1156 945 et

136 966 249 1030 amicis
280 968 454 1032 excitatum
478 989 605 1051 semper
632 969 782 1034 fluetibus
810 988 878 1032 non
905 967 1002 1032 ferire
1027 989 1154 1053 germa-

135 1076 212 1118 nam
234 1059 356 1120 terram
380 1056 530 1139 creditur,
554 1057 610 1120 sed
634 1057 908 1140 amplecti,'cuius
934 1057 1154 1122 multiformes

134 1143 239 1227 pisces
266 1144 404 1229 vagique
433 1143 577 1227 delphini
600 1167 658 1229 per
686 1167 826 1228 aequora
853 1145 984 1210 madida
1014 1146 1154 1210 undosa·
1170 1167 1196 1208 so

135 1253 198 1315 que
232 1231 370 1296 saltubus
406 1232 594 1297 innocentes
627 1237 785 1299 exercent.
840 1230 1042 1318 Camporum
1077 1234 1156 1317 quin

135 1319 236 1384 etiam
265 1321 353 1384 laeta
381 1321 555 1384 virentium
583 1321 702 1404 specie·
719 1323 932 1406 delectamur,
967 1343 1007 1386 ex
1038 1321 1154 1406 quibus

135 1407 217 1472 odor
240 1408 446 1493 gratissimus
465 1409 577 1473 florem
602 1409 775 1474 suavitatis
795 1409 950 1473 exhalans
974 1413 1089 1476 oculos
1114 1409 1155 1474 si-

136 1495 205 1560 mul
222 1496 329 1580 pascit
348 1502 380 1560 et
399 1497 553 1562 animum.
586 1496 828 1581 Nemorumque
845 1498 942 1561 nobis
962 1501 995 1561 et
1013 1498 1156 1562 fontium

135 1604 237 1667 opaca
266 1584 390 1649 scilicet
417 1585 538 1649 arridet
566 1585 764 1667 amoenitas,
794 1607 891 1669 quam
918 1586 1026 1650 variae
1058 1585 1156 1649 simul
1171 1607 1197 1648 rs

136 1671 231 1736 alites
260 1673 392 1738 musicis
423 1674 633 1738 concentibus
662 1677 876 1757 personantes
908 1672 1013 1738 melos
1045 1673 1155 1738 dulces

135 1764 342 1842 componunt
393 1759 483 1826 Haec
511 1765 586 1826 sunt
613 1766 749 1827 naturae
777 1762 976 1846 spectacula,
1006 1782 1092 1844 quae
1125 1766 1157 1826 et

134 1847 257 1912 imitari
284 1848 414 1914 difficile
445 1853 495 1914 est
523 1853 558 1914 et
583 1850 726 1915 refutare
755 1850 926 1934 culpabile.
970 1848 1044 1915 Nos
1074 1871 1156 1914 mer-

135 1937 230 2000 candi
253 1937 361 2020 gratia
382 1941 529 2022 pontum¹
543 1939 702 2004 classibus
731 1961 797 2004 non
822 1939 987 2003 sulcamus
1012 1959 1072 2003 nec
1095 1937 1156 2004 sub

135 2025 198 2088 alio
230 2025 372 2090 iacentes
403 2027 471 2091 sole
499 2027 684 2110 provincias
714 2027 849 2092 fastidio
879 2030 986 2090 terrae
1022 2025 1156 2092 alterius
1172 2049 1197 2089 ss

135 2114 330 2198 expetimus,
365 2116 450 2198 quod
485 2119 554 2180 tam
584 2116 841 2180 commeantibus
871 2136 969 2180 saeva
1003 2115 1157 2199 pericula,

135 2222 232 2283 quam
257 2203 341 2266 solet
363 2203 516 2286 perfectis
540 2224 659 2287 magna
682 2203 840 2268 miracula
857 2203 1030 2286 praebere.
1065 2201 1156 2267 Nun·

136 2308 234 2370 quam
252 2309 312 2353 nos
331 2292 505 2375 peregrina
525 2293 646 2374 species
667 2292 783 2356 ardore
802 2311 879 2356 suae
898 2290 1156 2374 pulchritudinis

135 2375 360 2454 inflammavit,
379 2379 495 2462 quibus
515 2379 596 2443 nihil
617 2378 783 2444 decentius
802 2399 874 2442 esse
894 2377 1041 2443 creditur
1060 2400 1156 2462 quam

135 2463 218 2528 visio
237 2465 452 2547 propriorum.
489 2465 558 2532 Neo
574 2467 717 2532 famulos
740 2488 801 2532 nos
825 2467 890 2531 sibi
912 2466 1019 2531 faciet
1042 2467 1155 2531 multis
1170 2487 1195 2530 ss

135 2551 265 2616 casibus
294 2573 393 2637 opum
417 2554 567 2619 devincta
595 2556 762 2640 materies,
790 2576 871 2639 quos
898 2554 1028 2619 liberos
1057 2553 1158 2620 edidit

134 2639 286 2705 absoluta
317 2643 499 2725 pauperies.
544 2642 614 2708 Nos
647 2647 750 2708 artem
783 2645 865 2708 bena
897 2643 1058 2728 loquendi
1090 2665 1156 2708 non

223 2837 237 2884 1
257 2833 387 2905 rutilare]
398 2834 509 2889 radiare
522 2834 555 2888 P.
575 2834 714 2906 puniceis]
724 2833 844 2904 pumicis
860 2834 895 2889 L.
932 2839 950 2887 4
965 2833 1047 2889 sertis
1058 2835 1155 2891 Selloe.

133 2901 239 2971 septies
262 2901 296 2958 L.
305 2904 339 2958 P.
382 2905 489 2974 species
518 2905 590 2960 KR.
633 2907 716 2975 septa
736 2905 771 2958 B.
815 2906 950 2974 speciosa
972 2905 1051 2961 aaa
1094 2907 1156 2961 uvis

134 2974 179 3041 (=
194 2971 293 3042 VVIT)
313 2975 386 3030 Keil.
458 2976 598 3047 bcinota]
620 2981 721 3032 cuncta
743 2975 816 3031 V.R.
892 2977 1078 3046 deernimus]
1099 2993 1156 3031 oer-

131 3047 225 3097 tamus
245 3045 318 3100 P.B.
361 3053 376 3100 ‘1
396 3048 587 3118 venustatum]
607 3050 755 3103 venustare
773 3047 809 3103 B.
861 3045 1040 3118 ltfluctibus]
1059 3047 1157 3102 fructi-

132 3114 229 3167 busL.
276 3121 310 3169 10
329 3132 378 3184 per
398 3133 520 3185 aequora
538 3123 584 3174 etc.
596 3119 632 3174 R.
661 3134 814 3186 aequoreas
836 3117 981 3186 (aequoris
999 3118 1034 3172 B.
1054 3134 1104 3174 om.
1114 3118 1156 3186 V.)

133 3185 261 3239 madidas
282 3187 371 3241 undae
395 3188 479 3254 atque
503 3189 623 3244 saltatus
649 3189 748 3258 (saltus
771 3189 804 3244 L.
812 3188 844 3245 V.
858 3188 905 3254 B.)
928 3188 1091 3244 innocenter
1109 3194 1156 3243 cet.

134 3259 167 3308 13
187 3256 282 3312 dorem
302 3257 336 3312 Β.
345 3257 376 3312 V.
402 3257 484 3313 flores
503 3259 577 3315 RB.
607 3260 706 3315 florum
725 3260 835 3314 suavita
844 3275 877 3312 ns
900 3259 935 3313 L.
973 3265 1007 3313 14
1025 3258 1156 3328 fontium]

133 3323 274 3382 frondium
298 3329 330 3382 V.
387 3333 419 3382 16
438 3328 523 3384 dulce
540 3331 572 3384 L.
634 3335 666 3385 17
687 3331 753 3385 sunt
770 3347 821 3385 om.
838 3329 873 3384 L.
933 3334 968 3384 ‘20
987 3329 1102 3398 fastigio
1121 3329 1156 3384 L.

133 3401 167 3449 21
187 3399 261 3465 quod
275 3402 369 3453 tamen
381 3399 413 3452 V.
438 3415 509 3468 quae
524 3402 745 3457 commeantibus
759 3404 818 3455 tam
839 3415 923 3455 saeva
936 3399 1063 3469 pericula
1076 3415 1156 3468 prae-

134 3465 245 3522 beatB.
283 3475 319 3524 22
333 3470 740 3538 quam-miraculamn.V.B.
778 3477 815 3526 23
834 3470 965 3525 ardorum
975 3469 1008 3524 L.
1045 3473 1079 3525 25
1093 3485 1156 3538 pro·

132 3537 257 3604 priorum
276 3539 309 3594 L.
336 3540 499 3610 propiorum
518 3547 565 3598 cet.
621 3548 656 3598 26
679 3543 817 3600 devincta
834 3541 907 3596 Vn.
935 3540 1047 3595 densa
1065 3545 1112 3596 cet.

185 3635 271 3678 Iunrus
285 3639 418 3682 Venusina.
964 3633 995 3680 12
1205 3613 1318 3890 Δ
