2654 3926
166 197 208 260 12
597 196 707 252 LIBER
724 199 745 252 1.

163 357 336 443 Philippus
366 362 443 442 post
475 358 594 425 solatia
623 359 854 443 gratulatoria:
887 358 1065 444 ‘Equidem
1097 361 1179 426 mihi

164 447 263 512 fuiss
270 496 278 530 ,
306 467 325 512 o
353 447 486 530 mulier,
515 447 686 514 consilium
708 446 887 530 profitebor
914 469 981 514 non
1004 448 1178 534 nutriendi,

165 534 249 619 quod
280 537 394 599 natum
422 539 484 621 est,
513 541 686 620 propterea
713 534 799 620 quod
825 535 859 601 id
886 535 925 601 dc
954 558 1026 601 meo
1055 539 1178 602 semine

165 644 232 688 non
255 623 455 708 provenerit,
484 623 540 689 scd
568 624 655 690 enim
683 645 758 690 cum
779 621 906 690 videam
935 625 1081 690 subolem
1106 646 1178 692 esse

139 711 309 778 sdivinam
333 711 568 797 editionemque
594 713 701 797 ipsam
725 712 892 777 elementis
916 716 949 777 et
971 712 1033 778 diis
1057 715 1180 797 pariter

167 799 256 865 cordi
275 799 384 883 fuisse,
402 802 488 866 votis
508 800 707 867 educationis
727 800 856 884 accod03
874 801 971 884 inque
990 801 1180 868 memoriam

167 887 236 953 eius
255 887 323 971 filii,
345 888 401 973 qui
420 888 502 953 mihi
519 893 616 954 natus
636 889 787 954 occubuit
807 888 844 954 de
863 889 1028 973 prioribus
1047 890 1181 975 nuptiis,

166 975 344 1041 Alexandri
367 975 472 1041 eidem
494 999 615 1042 nomen
639 975 742 1043 dabo?

257 1062 291 1130 7.
323 1063 403 1128 Post
426 1087 504 1131 vero
527 1064 670 1150 regalius
699 1064 995 1148 et‘competcntius
1025 1066 1180 1133 alebatur.

127 1175 153 1217 ro
166 1151 251 1218 Nam
276 1154 309 1216 et
330 1153 496 1218 coronalis
516 1153 672 1238 obsequia
692 1154 795 1219 eidem
814 1152 956 1238 undique
974 1154 1181 1222 confluebant

166 1243 236 1304 tum
254 1239 445 1305 Macedonia
467 1244 538 1305 tum
560 1241 651 1307 Pella
674 1245 744 1307 tum
765 1240 904 1308 Thracia
926 1243 1181 1329 multigenisque

167 1329 239 1392 aliis
263 1328 414 1413 gentibus
437 1329 472 1393 in
500 1329 534 1394 id
557 1330 765 1398 certantibus.
810 1331 917 1415 Atque
940 1331 976 1396 in
998 1331 1050 1397 his
1074 1331 1181 1416 eregii

167 1416 274 1501 spatia
296 1417 449 1483 lactandi.
491 1417 593 1485 Vultu
615 1419 784 1507 formaque
809 1420 898 1484 omni
921 1419 1044 1484 alienus
1068 1419 1179 1484 aPhi-

166 1504 268 1589 lippo,
290 1525 331 1570 nc
355 1507 453 1572 metri
472 1507 602 1592 quidem
626 1509 667 1572 ad
691 1508 938 1574 similitudinem
958 1527 1128 1592 congruus,
1152 1508 1182 1572 ei

128 1617 153 1656 15
168 1615 306 1679 quoque,
329 1594 420 1660 cuius
439 1617 458 1660 e
477 1598 600 1660 semine
620 1596 829 1680 credebatur,
841 1595 924 1661 facie
948 1595 1102 1680 diversus,
1125 1596 1182 1661 sed

168 1703 227 1747 suc
251 1682 348 1749 modo
372 1687 405 1747 et
427 1683 482 1748 filo
504 1684 748 1767 pulcherrimus,
772 1685 941 1768 subcrispa
963 1685 1131 1768 paululum
1150 1687 1183 1750 et

167 1770 308 1835 flavente
323 1770 474 1852 caesarie,
493 1775 530 1834 ut
544 1792 655 1834 comae
673 1776 750 1835 sunt
763 1771 922 1855 leoninae,
942 1773 1044 1838 oculis
1060 1773 1184 1858 egregii
1302 1813 1316 1838 a

168 1857 302 1939 decoris,
322 1857 425 1921 altero
445 1857 618 1922 admodum
636 1857 732 1941 nigra
751 1859 845 1941 quasi
863 1859 989 1942 pupilla
1008 1863 1066 1943 est,
1089 1861 1182 1925 laevo

167 1965 243 2008 vero
278 1944 395 2027 glauca
428 1946 525 2027 atque
557 1945 639 2010 coeli
672 1945 803 2028 similis,
840 1945 1057 2030 profususque
1094 1949 1183 2012 omni

127 2031 284 2114 suspiritu
308 2036 341 2096 et
363 2031 496 2116 impetu,
521 2053 584 2117 quo
607 2033 731 2118 leones,
755 2038 793 2099 ut
814 2035 923 2118 palam
946 2034 1081 2119 viseres,
1105 2035 1182 2120 quid

168 2119 206 2184 de
230 2119 290 2184 illc
314 2141 414 2204 puero
445 2123 564 2186 natura
586 2121 803 2206 promitteret.
849 2120 1023 2188 Crescebat
1046 2143 1123 2208 ergo
1147 2127 1183 2188 ut

168 2207 315 2291 corporis
345 2207 453 2292 gratia
484 2209 531 2274 ita
562 2209 743 2276 studiorum
774 2231 900 2295 quoque
931 2213 963 2274 et
992 2210 1182 2293 prudentiae

168 2299 339 2361 maiestate
370 2300 403 2361 et
434 2317 506 2362 cum
536 2297 589 2362 his
619 2320 685 2364 una
714 2299 823 2384 regiae
853 2298 1051 2382 disciplinae.
1101 2300 1182 2366 Elius

167 2384 279 2450 nutrix
302 2385 466 2450 Alacrinis
495 2389 579 2470 erat,
606 2388 815 2473 paedagogus
844 2391 940 2472 atque
963 2390 1104 2455 nutritor
1126 2412 1182 2455 no-

128 2495 155 2536 rs
169 2475 255 2538 mine
269 2472 438 2558 Leonides,
457 2474 661 2541 litteraturae
674 2476 851 2561 Polynicus
865 2477 1031 2562 magister,
1045 2478 1183 2543 musices

167 2561 325 2647 Alcippus
341 2561 507 2646 Lemnius,
525 2565 721 2648 geometriae
740 2564 901 2630 Menecles
916 2564 1181 2649 Peloponnesius‚

169 2651 333 2714 oratoriae
363 2652 581 2718 Anaximenes
609 2653 765 2719 Aristocli
791 2653 1049 2739 Lampsacenus,
1078 2652 1182 2737 philo-

168 2737 303 2821 sophiae
327 2742 436 2803 autem
459 2739 655 2806 Aristotcles
678 2741 734 2806 ille
757 2740 913 2806 Milesius.
1080 2810 1084 2817 ,

257 2823 354 2890 Enim
381 2825 419 2890 de
441 2826 556 2892 Mileto
579 2829 670 2912 loqui
697 2829 750 2894 hic
777 2830 876 2913 longa
903 2850 954 2894 res
979 2832 1030 2893 est
1052 2832 1086 2893 et
1107 2850 1182 2911 pro-

167 2981 328 3050 Eps'tomom
350 2986 471 3048 secutum
497 2982 795 3038 cura-laborantem
813 2985 848 3039 P.
880 2986 909 3039 et
933 2983 1059 3038 laborem
1084 2985 1182 3038 natum

169 3051 290 3124 Machly.
328 3051 541 3107 lsolatiarP.
561 3053 754 3112 solitaEbert.
791 3053 901 3108 4enim
920 3061 1008 3110 om.
1046 3055 1182 3110 beditio-

168 3140 287 3193 nemque
297 3129 325 3178 τ.
345 3121 585 3192 editatiouemque
594 3125 627 3178 P.
675 3124 882 3180 ememoriar.
927 3125 1053 3180 8eidem
1064 3131 1091 3181 r.
1111 3125 1138 3179 ei
1147 3126 1180 3180 P.

260 3194 288 3250 7.
308 3199 342 3248 10
361 3195 505 3248 coronalis
523 3201 551 3248 r.
585 3196 731 3250 coronaria
750 3196 782 3250 P.
857 3200 890 3250 12
911 3194 941 3250 in
959 3196 989 3249 id
1008 3197 1182 3250 certantibus

168 3281 219 3319 om.
238 3270 266 3318 τ.
335 3269 367 3319 15
386 3280 402 3318 e
421 3263 527 3320 semine
545 3272 573 3321 τ.
599 3265 704 3320 semine
722 3266 756 3320 P.
790 3266 957 3321 credebatur
975 3265 1041 3321 Μ).
1068 3267 1182 3322 creaba-

168 3335 215 3388 tur
234 3335 294 3389 Mr.
378 3341 411 3390 16
430 3337 459 3390 et
477 3337 524 3391 filo
542 3337 649 3405 scripsi.
683 3338 713 3391 et
731 3336 789 3392 filio
808 3343 836 3391 τ.
869 3339 899 3391 et
915 3335 967 3390 filii
988 3337 1021 3390 P.
1054 3339 1105 3392 del.
1124 3337 1182 3393 Mr.

170 3410 202 3459 17
221 3411 254 3460 ut
271 3410 299 3459 T.
329 3407 358 3459 et
378 3406 413 3463 P.
446 3405 533 3461 oculis
552 3413 580 3461 τ.
609 3406 685 3460 oculi
703 3408 736 3463 P.
857 3414 889 3462 19
908 3406 1093 3477 profususque
1112 3415 1139 3464 τ.
1147 3410 1182 3466 P.

189 3474 352 3543 erfususquc
371 3477 423 3531 Br.
433 3477 506 3532 Keil.
579 3477 814 3548 26Aloippus1.
834 3477 963 3548 Alcispus
983 3479 1016 3533 P.
1093 3485 1128 3534 29
1147 3479 1184 3534 de

197 3545 268 3600 ilsto
287 3544 366 3612 loqui
384 3552 412 3600 r.
442 3547 476 3602 de
494 3546 586 3603 milite
604 3548 673 3618 quia
692 3549 726 3605 P.
