2622 3932
183 213 248 278 208
308 211 483 268 nrrsrom
500 194 718 268 nnanannar
737 211 786 267 nn
806 212 1065 272 narsrornnnn.

182 378 217 442 in
239 377 356 460 hieme,
379 398 445 440 non
469 377 502 440 in
530 380 654 441 aestate
683 380 899 462 autumnoque
923 381 1084 462 urgueret.
1130 377 1197 442 Vix

182 465 313 530 tandem
327 466 506 530 recollectis
522 465 658 530 sarcinis
678 487 717 528 ex
735 466 863 550 integro
883 466 917 529 in
937 467 1089 549 apriciori
1107 467 1196 531 valle

183 554 292 618 sedem
320 557 501 619 castrorum
529 553 639 619 inveni
672 553 894 638 ordinatisque
919 556 1015 619 rebus
1044 555 1195 621 omnibus

182 664 295 707 cenare
323 643 461 707 militem
489 643 577 706 iussi.
623 641 709 707 Nam
740 647 773 706 et
799 643 897 708 flatus
925 643 1006 708 Euri
1035 645 1197 709 ceciderat

150 757 162 797 s
183 735 216 796 et
238 732 340 818 frigus
368 732 482 817 ingens
506 733 692 815 vespertino
716 735 861 815 ternpore
886 733 1099 797 accrescebat.
1137 732 1196 798 Oa-

183 820 258 885 dere
291 843 366 885 mox
398 821 433 885 in
466 820 596 885 modum
626 821 784 884 vellerum
814 836 990 885 immensae
1021 825 1196 905 coeperunt

180 910 280 976 nives.
321 908 465 985 Quarum
488 909 699 994 aggeratione
723 913 869 973 metuens
893 932 933 973 ne
956 913 1063 974 castra
1086 931 1191 975 cumu-

180 997 341 1082 larentur,
372 999 495 1063 calcare
525 997 664 1061 militem
693 997 801 1063 nivem
831 997 998 1082 iubebam,
1029 1003 1067 1063 ut
1096 1019 1192 1082 quam

181 1087 322 1170 primurn
350 1087 468 1151 iniuria
495 1085 614 1169 pedum
637 1086 832 1170 tabesceret,
860 1087 1074 1170 proderentur
1101 1089 1192 1172 ignes

142 1201 167 1239 ιο
182 1175 402 1260 aliquatenus,
425 1175 480 1259 qui
502 1175 577 1238 nive
601 1196 704 1258 paene
728 1179 821 1240 erant
844 1175 1004 1242 exstincti.
1047 1175 1122 1241 Una
1147 1180 1194 1240 ta·

182 1285 255 1328 men
278 1285 330 1328 res
349 1265 447 1328 saluti
467 1263 538 1346 fuit,
562 1262 646 1348 quod
666 1267 830 1328 momento
850 1265 1005 1348 temporis
1025 1264 1086 1328 hae
1103 1264 1195 1329 nives

182 1352 325 1436 dilapsae
353 1356 429 1417 sunt
457 1353 559 1416 imbre
588 1351 736 1417 veniente
763 1353 865 1438 largo
917 1351 1019 1427 Quem
1046 1355 1195 1438 protinus

182 1444 253 1505 atra
275 1442 378 1506 nubes
402 1440 575 1506 subsecuta
598 1445 656 1525 est,
679 1442 831 1526 visaeque
853 1442 955 1506 nubes
980 1442 1128 1507 ardentes
1154 1442 1194 1506 de

181 1531 270 1596 coelo
294 1535 460 1614 tamquam
488 1529 576 1594 faces
600 1529 759 1612 decidere,
786 1530 835 1594 ita
862 1533 899 1594 ut
925 1531 1059 1596 incensu
1083 1552 1192 1595 earum

142 1642 168 1684 rs
181 1621 270 1684 totus
299 1641 432 1703 campus
461 1618 597 1684 arderet.
643 1617 849 1683 Verebantur
878 1622 986 1683 autem
1011 1619 1127 1699 dicere,
1154 1641 1196 1684 ne

182 1707 315 1772 deorum
338 1709 388 1772 ira
410 1711 584 1791 premeret,
612 1707 699 1791 quod
726 1707 824 1772 homo
848 1708 998 1772 Herculis
1021 1707 1195 1792 Liberique

181 1797 322 1882 vestigia
350 1794 535 1881 transgredi
564 1798 698 1860 conatus
726 1817 840 1861 essem.
886 1796 972 1860 Iussi
998 1801 1110 1861 tamen
1138 1797 1196 1861 mi-

182 1883 256 1948 lites
289 1885 406 1948 scissas
439 1888 545 1949 vestes
579 1904 742 1966 opponere
777 1885 917 1969 ignibus.
971 1885 1045 1951 Nox
1082 1906 1196 1950 serena

182 1972 336 2036 continuo
360 1971 486 2036 reddita
514 1974 564 2035 est
591 1973 687 2037 nobis
711 1975 887 2039 orantibus.
934 1973 1016 2038 Tum
1040 1973 1132 2059 ignes
1156 1997 1196 2039 ex

141 2083 168 2124 ao
182 2061 310 2145 integro
340 2059 557 2124 accenduntur
588 2065 621 2124 et
648 2061 689 2125 ab
722 2064 844 2127 securis
873 2063 987 2146 epulae
1015 2063 1196 2148 capiuntur,

182 2153 215 2213 et
247 2149 357 2214 triduo
387 2149 539 2214 continuo
570 2148 640 2213 sine
674 2151 741 2214 sole
771 2152 858 2216 claro
891 2150 924 2215 id
954 2151 1048 2216 nobis
1080 2151 1196 2216 accidit

181 2239 340 2322 pendente
364 2238 482 2302 minaci
505 2237 626 2302 nubilo.

270 2327 315 2391 Et
346 2348 406 2413 ego
436 2327 572 2411 sepultis
604 2327 777 2392 admodum
808 2328 994 2413 quingentis
1024 2328 1194 2412 militibus,

182 2417 237 2499 qui
260 2417 346 2480 inter
367 2417 458 2480 nives
477 2416 648 2498 perierant,
672 2419 780 2481 castra
799 2417 872 2481 inde
892 2417 1011 2481 motari
1028 2417 1194 2501 imperavi.

141 2526 168 2566 aa
183 2503 268 2568 Nam
297 2510 330 2568 et
357 2504 444 2568 edita
471 2505 561 2570 coelo
586 2506 811 2587 promontoria
834 2510 867 2569 et
891 2527 1046 2570 oceanum
1074 2508 1109 2571 in
1132 2505 1193 2570 Ae-

181 2593 305 2676 thiopia
334 2592 486 2676 vidimus,
515 2596 547 2657 et
570 2589 718 2676 Nysaeos
746 2614 873 2678 quoque
900 2594 1039 2660 vidimus
1068 2597 1195 2659 montes
1307 2663 1308 2680 ,

273 2877 286 2923 1
306 2871 335 2924 in
349 2870 454 2942 hieme]
469 2870 563 2926 hieme
570 2872 604 2926 1..
630 2889 686 2927 non
701 2872 793 2928 hieme
805 2873 837 2928 V.
864 2871 892 2926 in
907 2873 1027 2945 aestate]
1043 2875 1151 2929 aestate
1158 2873 1195 2928 L.

181 2942 309 3012 urguerit
322 2962 351 2994 ω.
394 2942 566 3010 tapriciore
581 2943 619 2998 H.
662 2943 838 2998 4ceeiderat
853 2943 881 2998 0.
910 2944 1058 3000 accederat
1071 2945 1194 3000 L.M.B.

182 3014 340 3068 accesserat
360 3013 393 3068 G.
422 3013 563 3067 acciderat
586 3014 617 3068 V.
647 3015 791 3068 deciderat
808 3014 847 3068 H.
901 3016 1118 3086 ‘leggeratione
1138 3016 1195 3071 Ea.

182 3084 272 3138 Baeti.
292 3084 501 3154 aggerationem
511 3084 593 3139 eoae.
632 3091 649 3138 9
668 3086 851 3154 proderentur
862 3106 891 3140 ω.
912 3085 1098 3156 proderentur
1117 3087 1145 3140 et
1156 3087 1196 3141 H.
1306 3099 1307 3102 ’

181 3153 422 3225 prodirentqueO.
471 3161 505 3208 14
523 3153 638 3209 incensu
649 3177 678 3209 ω.
686 3156 717 3211 V.
744 3156 772 3210 in
788 3173 907 3211 accensu
918 3157 946 3211 0.
954 3157 987 3212 P.
1015 3157 1144 3211 inccndio
1156 3157 1196 3212 H.

183 3231 216 3279 15
236 3229 330 3280 autem
350 3241 400 3282 orn.
420 3226 495 3281 n.H.
528 3243 564 3280 ne
583 3226 698 3281 deorum
715 3227 880 3283 amm.
913 3245 968 3282 neu
987 3230 1103 3282 deornm
1117 3228 1194 3284 L.B.
1306 3251 1307 3278 ι

182 3312 237 3350 neu
252 3311 269 3349 a
282 3298 398 3351 deorum
412 3313 554 3366 premerer
566 3296 609 3351 ira
620 3297 648 3352 0.
689 3304 721 3352 lo
740 3300 824 3352 homo
839 3315 889 3354 om.
901 3299 970 3354 nV.
992 3317 1045 3369 ego
1059 3300 1144 3354 homo
1156 3299 1195 3354 H.

184 3371 215 3420 17
235 3369 332 3421 tamon
350 3384 401 3422 om.
421 3388 451 3420 ω.
480 3368 565 3436 igitur
583 3368 622 3422 H.
665 3374 699 3423 20
719 3369 823 3424 securis
842 3370 922 3424 nobis
943 3371 981 3425 H.
1024 3376 1057 3424 21
1077 3387 1128 3440 per
1146 3369 1197 3423 tri-

183 3435 267 3488 duum
289 3437 317 3491 0.
355 3443 389 3491 23
408 3439 445 3491 Et
464 3439 538 3494 ω,Η.
568 3442 598 3493 at
617 3439 645 3493 0.
686 3445 720 3493 26
739 3439 878 3510 Nysaeos]
899 3457 1015 3508 nysseos
1035 3442 1068 3496 G.
1097 3442 1196 3496 thene-

184 3518 266 3557 saeos
285 3507 318 3560 L.
347 3505 509 3562 thenesseos
531 3507 596 3563 ΟΡ.
627 3511 803 3565 enasseosB.
832 3513 1005 3568 eneseosM.
1033 3513 1141 3567 enesios
1156 3512 1197 3566 H.

185 3568 356 3629 Tenesseos?
376 3579 410 3644 cs.
430 3577 521 3633 Strcb.
538 3583 600 3634 770.
