2650 3920
163 197 226 261 116
477 149 482 168 ⁶
578 196 752 252 uranum.

162 361 350 425 bestiarum.
396 359 502 444 Igitur
526 362 653 425 statuas
682 381 792 424 aereus
817 382 913 444 quam
935 361 1093 444 plurimas
1120 362 1176 426 ad-

161 450 235 514 vehi
268 469 375 513 secum
406 449 585 532 quibusque
616 449 655 512 de
688 449 843 532 proximis
876 449 957 514 locis
993 451 1033 514 ad
1066 451 1175 515 locum

160 537 278 624 proelii
295 537 395 602 iubet.
435 535 528 612 Quod
551 537 607 602 ubi
630 537 750 602 factum
775 541 834 621 est,
857 537 978 603 ibidem
1000 539 1076 623 igne
1100 539 1176 603 sub-

162 628 248 692 iecto
277 647 373 710 quam
403 627 543 710 plurimo
574 626 714 690 calefieri
746 647 801 690 eas
833 631 866 690 et
896 626 996 710 igniri
1026 627 1175 710 festinat3

129 738 142 778 s
163 718 319 799 erantque
347 735 404 778 eae
428 717 556 780 statuae
579 717 662 799 post·
676 714 801 798 primos
828 714 908 779 acici
937 715 1064 780 ordines
1093 716 1175 780 sitae

162 807 260 888 atque
279 804 327 868 ita
344 807 420 867 ante
439 803 515 866 belli
533 807 662 887 tempus
676 803 826 868 hostibus
841 803 1034 868 invisitatae.
1064 803 1176 868 Enim·

161 915 238 958 vero
266 892 323 956 ubi
350 892 446 976 signa
474 891 591 957 bellica
625 913 777 974 crepuere
809 891 968 975 primique
1001 913 1174 957 concursus

161 981 304 1066 partium
328 977 559 1064 sperabantur,
586 979 660 1044 Indi
683 980 814 1044 barbari
841 980 928 1044 feras
956 981 1029 1044 illas
1052 981 1173 1046 bestias

161 1091 240 1154 prae
265 1090 299 1133 se
322 1069 368 1132 ire
392 1068 572 1151 dimittunt,
594 1068 641 1132 ita
665 1069 788 1133 scilicet
811 1069 931 1153 doctas,
953 1073 991 1133 ut
1014 1090 1087 1134 cum
1110 1069 1174 1153 pri-

123 1180 149 1218 ιο
164 1181 253 1223 mum
276 1158 311 1221 in
335 1156 485 1224 adversos
509 1155 710 1222 notavissent
733 1157 879 1241 circaque
907 1178 962 1221 cas
984 1158 1176 1241 proeliaturi

164 1247 276 1312 hostes
291 1249 533 1330 occuparentur,
546 1245 630 1309 nihil
643 1244 733 1310 Indis
749 1246 1051 1330 supervenientibus
1066 1268 1175 1312 morae

161 1336 266 1416 fieret,
295 1333 374 1419 quin
395 1334 499 1398 libera
525 1334 692 1399 iaculaudi
721 1335 828 1399 hostis
854 1335 1099 1419 trucidandique
1127 1336 1197 1399 fa·.

162 1424 266 1487 cultas
289 1427 425 1508 pateret.
471 1422 509 1486 Id
532 1423 589 1488 ubi
611 1423 735 1489 factum
760 1426 818 1507 est,
842 1423 1008 1507 praedocti
1026 1423 1175 1488 Macedo·

162 1533 239 1576 num
264 1511 392 1576 ordines
414 1511 512 1594 primi
534 1513 705 1595 paululum.
726 1513 764 1577 dc
787 1512 868 1596 loco,
892 1534 955 1596 quo
978 1511 1175 1593 institerant,

123 1621 148 1662 u
163 1600 354 1684 repedantes
385 1601 509 1686 ignitas
542 1605 668 1665 statuas
697 1601 937 1666 incursantibus
965 1600 1078 1665 bestiis
1101 1621 1175 1683 pro·

162 1690 253 1754 dunt.
299 1689 386 1764 Quas
411 1710 484 1752 cum
506 1689 591 1752 falsa
613 1689 695 1753 facie
714 1691 802 1753 velut
825 1689 924 1753 etiam
948 1689 1099 1754 candenti
1122 1710 1174 1753 co-

162 1778 244 1860 lore,
271 1777 396 1860 impetu
420 1777 499 1841 belli
522 1777 691 1858 complexu
718 1779 752 1840 et
778 1778 941 1842 morsibus
967 1778 1175 1858 adfectarent,

162 1887 237 1929 mox
268 1864 395 1928 sauciae
425 1863 610 1946 debilesque
638 1867 695 1927 aut
721 1865 871 1947 protinus
899 1864 1015 1929 cadere
1043 1869 1100 1929 aut
1126 1887 1175 1930 re-

161 1953 274 2034 fugere
302 1971 436 2034 coepere
464 1952 595 2015 omuino
624 1952 747 2016 nullum
778 1951 893 2015 auxilii
922 1952 1021 2016 ullius
1053 1953 1176 2017 emolu-

124 2061 150 2101 20
165 2043 311 2104 mentum
335 2039 474 2104 dominis
498 2038 689 2105 adferentes.

253 2126 285 2192 7.
310 2125 426 2211 Sicque
445 2127 533 2191 Indis
557 2128 598 2191 ab
622 2127 680 2193 illo
702 2127 846 2191 ferarum
867 2127 986 2192 auxilio
1007 2125 1173 2191 destitutis
1192 2131 1237 2182 11.
1316 2139 1322 2154 '

162 2217 302 2282 secunda
326 2217 493 2282 concursio
516 2216 595 2299 fuit,
622 2219 659 2280 ut
681 2217 744 2300 ipsi
766 2216 850 2299 privi
873 2216 958 2280 inter
982 2228 1051 2280 sese·
1073 2215 1139 2280 virt
1163 2251 1174 2262 ·

162 2307 249 2371 tibus
273 2305 504 2390 experirentur.
546 2305 653 2390 Igitur
676 2304 794 2369 Persae
818 2325 951 2390 coepere
975 2304 1105 2386 sagittis
1125 2305 1176 2368 ln-

163 2396 223 2461 dos
253 2396 412 2460 incessere
447 2395 610 2478 ceteroqui
647 2393 752 2459 nudos
783 2415 947 2459 armorum
986 2395 1176 2478 eminusque

123 2505 149 2545 es
164 2484 338 2569 configere,
361 2505 463 2569 neque
487 2483 594 2548 minus
617 2504 672 2548 eos
697 2483 899 2567 equestribus
923 2481 1054 2567 proeliis
1078 2503 1176 2566 quam

163 2572 448 2637 vehementissime
467 2571 659 2638 Macedones
678 2571 827 2657 fatigare.
865 2569 947 2635 Oum
971 2571 1089 2654 quibus
1112 2592 1177 2634 una

164 2683 236 2725 cum
264 2661 333 2744 ipse
357 2659 541 2726 Alexander
568 2661 711 2746 periculo
734 2681 800 2724 non
824 2660 965 2743 deesset,
993 2679 1092 2743 equus
1120 2658 1176 2722 ille

163 2747 359 2834 Bucephala,
383 2771 446 2832 quo
470 2750 661 2832 vehebatur,
685 2748 761 2813 Pori
784 2748 896 2814 dextra
918 2747 1116 2831 vulneratur,
1140 2751 1173 2810 et

254 2999 268 3046 1
288 2995 407 3063 quantus
426 2990 563 3059 plurimas
582 2993 614 3048 P.
687 2998 703 3046 3
723 2991 798 3060 quod
816 2991 865 3046 ubi
882 2992 988 3046 factum
1008 2993 1064 3058 cst,
1087 2991 1119 3045 ia
1140 2990 1174 3044 P.

164 3068 263 3122 omissa
286 3081 340 3120 esse
365 3063 551 3118 Voltmunaus
573 3063 642 3117 dicit
665 3062 776 3132 (Aduot.
801 3065 860 3117 crit.
879 3079 910 3132 p.
926 3064 980 3128 15).
1017 3062 1081 3130 igne
1103 3061 1137 3115 P.
1145 3061 1174 3116 O.

163 3138 225 3208 igni
239 3138 275 3192 A.
318 3139 334 3188 5
353 3135 424 3188 heae
443 3135 553 3189 statuae
567 3135 601 3188 A.
609 3134 642 3188 P.
669 3137 733 3202 post
751 3133 855 3202 primas
874 3132 948 3187 acies
967 3134 996 3186 et
1015 3132 1125 3186 ordines
1139 3133 1175 3186 A.

165 3215 199 3263 16
218 3208 308 3262 veluti
327 3207 412 3261 etiam
431 3205 543 3260 cedenti
561 3205 593 3258 P.
622 3205 731 3273 ductae,
751 3204 854 3258 etiam?
905 3209 938 3257 17
959 3201 1121 3257 affectarent
1140 3205 1176 3259 A.

165 3285 199 3333 20
218 3279 347 3332 dominus
366 3278 396 3332 P.

256 3351 283 3402 7.
303 3353 337 3400 22
356 3349 389 3401 ut
406 3365 457 3402 om.
478 3347 512 3400 P.
544 3345 619 3416 privi
637 3346 669 3400 P.
697 3345 776 3415 prius
794 3346 830 3400 A.
885 3351 919 3400 23
938 3344 1122 3399 exfarirantur
1140 3346 1176 3400 A.

165 3423 200 3471 24
215 3419 377 3486 ceterosque
387 3418 419 3472 P.
440 3418 603 3484 eminusque
614 3417 762 3486 confugere
772 3419 807 3472 A.
827 3416 982 3472 comminus
993 3416 1130 3485 configere
1142 3418 1176 3472 P.

166 3491 199 3538 25
218 3504 308 3608 nquue
327 3488 418 3541 minus
437 3489 472 3542 A.
501 3485 650 3555 quominus
672 3489 705 3542 P.
761 3494 795 3542 26
814 3487 968 3558 fatigarent
985 3487 1018 3542 P.
1074 3492 1107 3541 27
1126 3487 1177 3541 ille

166 3571 217 3610 cru.
265 3598 271 3611 .
