2654 3926
465 149 582 206 onnus
601 149 824 224 1111111111.
1108 153 1152 218 33

138 313 191 379 Ad
218 313 299 378 haec
329 312 443 377 doctus
471 312 654 376 Alexander
683 314 744 378 tali
773 336 929 399 responso
960 315 1049 380 omni
1080 315 1151 380 dili-

140 402 251 488 gentia
273 400 463 481 rimabatur,
486 420 584 483 quam
603 400 766 466 Proteiam
789 402 931 468 insulam
955 403 1031 468 deus
1052 405 1152 470 vellet

140 489 258 574 quidve
271 489 321 553 illi
336 488 476 553 numinis
491 488 699 573 praesideret.
729 489 818 567 Quae
833 492 1024 558 etiamtunc
1041 493 1151 558 animo
1170 505 1215 556 19.

139 579 291 645 volutans
314 577 453 662 peractis
476 578 544 641 'rite
571 578 737 643 sacrificiis
761 578 903 644 indidem
926 581 1152 665 proficiscitur.

138 666 244 732 Multo
255 667 391 749 denique
405 665 533 731 itineris
544 668 713 732 exanclato
729 666 814 751 apud
824 668 929 733 vicum
941 668 1075 734 Astrata
1088 669 1151 735 fes·
1166 691 1179 732 1

140 778 211 820 sum
226 755 452 821 commilitium
467 755 586 820 refecit.
609 755 684 838 Ipse
700 760 810 821 autem
824 778 881 822 rex
896 779 968 822 cum
983 755 1068 821 forte
1100 763 1199 819 xxxl.

139 846 173 909 in
193 865 284 930 agro,
303 849 339 909 ut
359 842 494 926 adsolet,
515 845 718 929 spatiaretur,
739 867 868 910 cervam
889 846 1026 910 intuitus
1045 847 1154 929 pastui

139 935 330 1016 occupatam
354 954 454 996 unum
479 955 517 997 cx
540 932 605 1017 his,
631 933 686 1016 qui
709 933 911 999 destinandis
936 934 1066 1019 sagittis
1090 935 1152 1000 sol·

139 1022 253 1087 lentior
279 1021 476 1104 habebatur,
506 1021 641 1086 iaculari
671 1023 810 1087 bestiam
837 1022 937 1091 iubet.
988 1021 1051 1099 Qui
1078 1044 1153 1088 cunr

140 1132 208 1175 rem
235 1131 302 1174 non
330 1132 369 1174 ex
396 1109 548 1193 opinione
575 1111 797 1194 praeiudicata
827 1110 958 1177 fecisset
982 1110 1153 1196 leviusque
1169 1134 1195 1174 ro

140 1199 241 1263 ictum
270 1198 392 1262 animal
420 1198 592 1282 evasisset,
621 1200 818 1264 exclamasse
842 1199 1025 1265 Alexander
1052 1199 1155 1264 fertur

141 1286 265 1352 Graeco
294 1286 417 1350 scilicet
444 1287 559 1370 verbo,
587 1288 672 1370 quod
699 1289 867 1353 remissior
894 1311 986 1356 arcus
1015 1289 1153 1354 intentio

141 1377 300 1458 sagittam
314 1374 509 1440 imbecillius
525 1376 695 1459 exegisset,
714 1398 794 1459 para
812 1379 915 1442 tonon
930 1377 1017 1442 istud
1031 1377 1154 1443 factum

141 1464 251 1530 videri.
292 1462 344 1527 Ex
365 1483 466 1546 eoque
486 1461 607 1527 dictum
626 1462 850 1549 Paratonium;
875 1465 973 1530 etiam
995 1471 1072 1549 post
1092 1467 1155 1530 fre-

142 1553 316 1637 quentatae
340 1550 413 1615 urbi
436 1572 554 1616 nornen
578 1551 663 1615 idem
687 1550 809 1616 datum.
1170 1577 1196 1618 15

233 1638 291 1704 24.
322 1639 408 1704 Hinc
435 1661 532 1723 porro
561 1639 600 1704 ad
628 1640 750 1722 locum,
778 1638 833 1725 qui
860 1639 961 1724 vulgo
988 1638 1153 1725 Taposiris
1173 1654 1221 1706 20.

142 1729 318 1812 diceretur,
346 1728 481 1811 adpulit.
527 1729 696 1814 Inquirens
725 1733 835 1793 tamen
857 1728 1001 1793 nominis
1025 1751 1157 1794 causam
1202 1757 1204 1760 ·

143 1817 262 1901 accipit
294 1818 335 1882 ab
368 1816 529 1904 indigenis
563 1817 768 1902 sepulchrum
799 1816 945 1883 Osiridos
978 1818 1045 1882 illic
1077 1839 1161 1903 esse,

143 1906 228 1990 quod
265 1929 284 1970 a
318 1907 419 1972 veteri
453 1908 688 1991 compositione
723 1909 913 1991 corruptum
945 1906 1156 1989 Taposiridus

143 1995 248 2060 dictus
277 1999 369 2061 esset.
420 1994 581 2081 Operatus
611 1996 711 2080 igitur
738 1995 840 2061 illicce
868 1996 928 2061 deo
959 1995 999 2060 ad
1029 1995 1063 2060 id
1093 1995 1157 2061 loci
1170 2020 1197 2060 ao

143 2085 272 2168 transit,
286 2105 383 2169 quem
395 2088 564 2150 extensum
574 2085 703 2170 quidem
714 2085 826 2170 magni
840 2088 873 2149 et
886 2084 996 2149 uberis
1008 2085 1157 2169 aequoris

143 2172 383 2257 pulchritudine
394 2173 538 2254 miratur,
548 2173 753 2256 frequentem
761 2177 871 2237 tamen
882 2173 1158 2239 commanentium
1231 2206 1233 2210 ·

144 2260 388 2324 conventiculis.
432 2259 578 2326 Sedecim
602 2262 719 2344 quippe
743 2264 776 2325 et
798 2262 902 2325 instar
925 2261 1055 2326 urbium
1077 2261 1158 2326 vicis

146 2348 305 2411 decoriter
323 2348 497 2412 admodum
516 2349 680 2414 distinctis
701 2353 797 2432 atque
812 2349 978 2431 dispositis
999 2349 1159 2434 consistit,
1241 2426 1244 2432 1

147 2456 284 2518 quorum
305 2437 521 2517 magnitudini
539 2437 662 2520 pariter
685 2442 717 2500 et
739 2437 975 2521 pulchritudini
997 2436 1103 2504 honor
1127 2441 1160 2502 et
1173 2465 1199 2506 11

145 2545 224 2590 1111
243 2523 456 2590 deferebatur.
498 2524 559 2588 His
582 2525 722 2589 sedecim
741 2524 910 2589 sessibulis
928 2525 1063 2589 flumina
1081 2547 1160 2609 quo-

146 2635 207 2697 que
236 2612 404 2677 duodecim
431 2612 682 2692 intererrabant,
709 2613 833 2695 pariter
861 2613 970 2679 omnia
992 2615 1161 2700 vergentia

145 2702 259 2766 iuxtim
279 2702 313 2765 in
328 2722 426 2786 mare,
446 2702 542 2766 sicuti
555 2723 640 2777 nnnc
660 2701 758 2766 etiam
778 2702 819 2766 ad
835 2703 1026 2769 memoriam
1041 2705 1159 2770 veteris

145 2790 369 2856 inculcationis
399 2791 495 2855 datur
517 2792 630 2857 visere.
677 2789 802 2874 Quippe
826 2793 974 2877 quamvis
1003 2798 1159 2880 congestu

146 2882 260 2962 postea
284 2880 349 2943 sint
374 2879 414 2944 ad
438 2881 587 2964 aequoris
611 2880 695 2945 uniti
716 2879 832 2946 faciem
857 2887 1047 2968 exaequata,
1071 2885 1158 2967 quis·
1172 2911 1199 2953 co

235 3093 252 3141 4
280 3090 411 3147 volutans
441 3091 515 3145 Mai.
555 3091 688 3145 voluntas
716 3093 749 3146 A.-
793 3091 981 3161 proficiscitur
1007 3092 1096 3146 multo
1124 3090 1160 3144 A.

146 3158 286 3227 proficisci
304 3159 392 3230 igitur
411 3166 437 3215 1.
485 3167 501 3215 6
520 3160 581 3230 ipse
600 3168 626 3215 1.
653 3161 694 3216 ibi
712 3163 749 3217 A.
794 3169 809 3217 7
828 3162 923 3231 pastui
941 3169 968 3218 1.
994 3162 1106 3232 pascuis
1125 3165 1161 3217 A.

147 3235 163 3284 9
183 3229 352 3285 iacularibus
372 3237 386 3284 1
405 3229 463 3285 iam
481 3231 561 3287 iubet
578 3239 606 3286 1.
681 3238 792 3288 1011111
811 3249 861 3287 om.
880 3232 915 3286 A.
989 3238 1021 3286 11
1041 3231 1162 3287 Alexan-

148 3301 229 3354 drum
247 3301 381 3356 sertorem
400 3308 427 3356 1.
487 3307 519 3356 12
538 3301 668 3358 remissio
687 3303 760 3358 arcis
779 3310 806 3358 1¹.
840 3318 921 3357 arcus
941 3307 970 3358 et
987 3303 1106 3359 intentio
1125 3304 1162 3358 A.

150 3376 183 3425 14
202 3372 309 3427 dictum
327 3372 364 3427 A.
391 3388 440 3427 ceu.
460 3379 487 3425 1¹.
533 3433 536 3438 ¹
563 3379 595 3428 15
614 3374 690 3429 idem
708 3375 816 3442 scripsi.
842 3372 947 3427 ibidem
967 3375 1002 3430 A.

238 3442 287 3498 24.
316 3447 349 3497 26
368 3443 475 3512 pariter
493 3445 523 3498 et
540 3444 744 3514 pulchritudini
762 3462 812 3500 om.
831 3444 868 3497 A.
965 3443 1163 3500 261111111111

147 3514 255 3581 scripsi.
285 3513 466 3569 decessilibus
486 3516 521 3570 A.
549 3517 581 3570 iu
600 3521 627 3570 1.
646 3517 689 3572 nil
707 3517 760 3586 lapi
775 3519 871 3585 potest.

202 3612 288 3655 Iunius
304 3614 437 3655 Vnnrarus.
988 3610 1004 3655 3
