<?xml version="1.0" encoding="UTF-8"?>
<!DOCTYPE html PUBLIC "-//W3C//DTD XHTML 1.0 Transitional//EN"
    "http://www.w3.org/TR/xhtml1/DTD/xhtml1-transitional.dtd">
<html xmlns="http://www.w3.org/1999/xhtml" xml:lang="en" lang="en">
 <head>
  <title>
</title>
<meta http-equiv="Content-Type" content="text/html;charset=utf-8" />
  <meta name='ocr-system' content='tesseract 3.04.00' />
  <meta name='ocr-capabilities' content='ocr_page ocr_carea ocr_par ocr_line ocrx_word'/>
</head>
<body>
  <div class='ocr_page' id='page_1' title='image "./iulivalerialexa00kbgoog_0077.png"; bbox 0 0 2654 3926; ppageno 0'>
   <div class='ocr_carea' id='block_1_1' title="bbox 158 235 744 303">
    <p class='ocr_par' dir='ltr' id='par_1_1' title="bbox 158 235 744 303">
     <span class='ocr_line' id='line_1_1' title="bbox 158 235 744 303; baseline 0.002 -10"><span class='ocrx_word' id='word_1_1' title='bbox 158 237 204 303; x_wconf 89' lang='lat'>40</span> <span class='ocrx_word' id='word_1_2' title='bbox 594 235 705 292; x_wconf 80' lang='lat' dir='ltr'>LIBER</span> <span class='ocrx_word' id='word_1_3' title='bbox 722 237 744 295; x_wconf 90' lang='grc' dir='ltr'>Ι.</span> 
     </span>
    </p>
   </div>
   <div class='ocr_carea' id='block_1_2' title="bbox 93 399 1245 2786">
    <p class='ocr_par' dir='ltr' id='par_1_2' title="bbox 93 399 1245 2786">
     <span class='ocr_line' id='line_1_2' title="bbox 159 399 1175 486; baseline 0 -22"><span class='ocrx_word' id='word_1_4' title='bbox 159 399 280 465; x_wconf 90' lang='lat' dir='ltr'>tarium</span> <span class='ocrx_word' id='word_1_5' title='bbox 314 399 409 464; x_wconf 91' lang='lat' dir='ltr'>deum</span> <span class='ocrx_word' id='word_1_6' title='bbox 447 399 618 464; x_wconf 90' lang='lat' dir='ltr'>adstiterat</span> <span class='ocrx_word' id='word_1_7' title='bbox 650 399 803 484; x_wconf 86' lang='lat' dir='ltr'>puellaris</span> <span class='ocrx_word' id='word_1_8' title='bbox 841 399 964 486; x_wconf 87' lang='lat' dir='ltr'>effigies</span> <span class='ocrx_word' id='word_1_9' title='bbox 1003 399 1175 486; x_wconf 77' lang='lat' dir='ltr'>spectabili</span> 
     </span>
     <span class='ocr_line' id='line_1_3' title="bbox 160 487 1236 573; baseline 0.003 -19"><span class='ocrx_word' id='word_1_10' title='bbox 160 488 384 573; x_wconf 78' lang='lat' dir='ltr'>magnitudine</span> <span class='ocrx_word' id='word_1_11' title='bbox 404 491 437 554; x_wconf 93' lang='lat' dir='ltr'>et</span> <span class='ocrx_word' id='word_1_12' title='bbox 455 488 694 573; x_wconf 76' lang='lat' dir='ltr'>pulchritudine</span> <span class='ocrx_word' id='word_1_13' title='bbox 713 489 906 554; x_wconf 85' lang='lat' dir='ltr'>veneranda.</span> <span class='ocrx_word' id='word_1_14' title='bbox 938 487 1084 572; x_wconf 80' lang='lat' dir='ltr'>Cumque</span> <span class='ocrx_word' id='word_1_15' title='bbox 1105 488 1173 553; x_wconf 90' lang='lat' dir='ltr'>eius</span> <span class='ocrx_word' id='word_1_16' title='bbox 1192 504 1236 556; x_wconf 82' lang='lat'>31.</span> 
     </span>
     <span class='ocr_line' id='line_1_4' title="bbox 161 577 1173 663; baseline 0 -21"><span class='ocrx_word' id='word_1_17' title='bbox 161 577 330 663; x_wconf 82' lang='lat' dir='ltr'>religionis</span> <span class='ocrx_word' id='word_1_18' title='bbox 348 578 484 642; x_wconf 91' lang='lat' dir='ltr'>numina</span> <span class='ocrx_word' id='word_1_19' title='bbox 502 579 775 660; x_wconf 81' lang='lat' dir='ltr'>percunctaretur,</span> <span class='ocrx_word' id='word_1_20' title='bbox 799 599 869 642; x_wconf 89' lang='lat' dir='ltr'>sese</span> <span class='ocrx_word' id='word_1_21' title='bbox 889 577 1018 662; x_wconf 91' lang='lat' dir='ltr'>quidem</span> <span class='ocrx_word' id='word_1_22' title='bbox 1042 577 1173 642; x_wconf 82' lang='lat' dir='ltr'>adcolae</span> 
     </span>
     <span class='ocr_line' id='line_1_5' title="bbox 161 665 1174 750; baseline -0.001 -20"><span class='ocrx_word' id='word_1_23' title='bbox 161 667 280 731; x_wconf 90' lang='lat' dir='ltr'>certius</span> <span class='ocrx_word' id='word_1_24' title='bbox 300 665 381 731; x_wconf 89' lang='lat' dir='ltr'>scire</span> <span class='ocrx_word' id='word_1_25' title='bbox 399 667 590 750; x_wconf 86' lang='lat' dir='ltr'>renuebant,</span> <span class='ocrx_word' id='word_1_26' title='bbox 612 667 775 750; x_wconf 89' lang='lat' dir='ltr'>accepisse</span> <span class='ocrx_word' id='word_1_27' title='bbox 793 670 904 730; x_wconf 89' lang='lat' dir='ltr'>tamen</span> <span class='ocrx_word' id='word_1_28' title='bbox 922 667 1044 730; x_wconf 90' lang='lat' dir='ltr'>traditu</span> <span class='ocrx_word' id='word_1_29' title='bbox 1063 666 1174 748; x_wconf 82' lang='lat' dir='ltr'>veteri,</span> 
     </span>
     <span class='ocr_line' id='line_1_6' title="bbox 134 753 1175 839; baseline -0.002 -19"><span class='ocrx_word' id='word_1_30' title='bbox 134 755 249 820; x_wconf 81' lang='lat' dir='ltr'>eIovis</span> <span class='ocrx_word' id='word_1_31' title='bbox 277 775 316 820; x_wconf 89' lang='lat' dir='ltr'>ac</span> <span class='ocrx_word' id='word_1_32' title='bbox 342 753 477 820; x_wconf 91' lang='lat' dir='ltr'>Iunonis</span> <span class='ocrx_word' id='word_1_33' title='bbox 507 755 666 839; x_wconf 89' lang='lat' dir='ltr'>templum</span> <span class='ocrx_word' id='word_1_34' title='bbox 695 754 776 819; x_wconf 90' lang='lat' dir='ltr'>illud</span> <span class='ocrx_word' id='word_1_35' title='bbox 804 754 912 820; x_wconf 89' lang='lat' dir='ltr'>fnisse.</span> <span class='ocrx_word' id='word_1_36' title='bbox 962 754 1003 818; x_wconf 91' lang='lat' dir='ltr'>In</span> <span class='ocrx_word' id='word_1_37' title='bbox 1032 776 1069 820; x_wconf 97' lang='lat' dir='ltr'>eo</span> <span class='ocrx_word' id='word_1_38' title='bbox 1100 754 1175 819; x_wconf 90' lang='lat' dir='ltr'>obc-</span> 
     </span>
     <span class='ocr_line' id='line_1_7' title="bbox 161 839 1207 928; baseline 0 -22"><span class='ocrx_word' id='word_1_39' title='bbox 161 844 259 909; x_wconf 92' lang='lat' dir='ltr'>liscos</span> <span class='ocrx_word' id='word_1_40' title='bbox 288 865 415 928; x_wconf 90' lang='lat' dir='ltr'>quoque</span> <span class='ocrx_word' id='word_1_41' title='bbox 443 844 523 908; x_wconf 90' lang='lat' dir='ltr'>duos</span> <span class='ocrx_word' id='word_1_42' title='bbox 551 844 640 908; x_wconf 88' lang='lat' dir='ltr'>videt</span> <span class='ocrx_word' id='word_1_43' title='bbox 667 843 916 928; x_wconf 87' lang='lat' dir='ltr'>proceritudinis</span> <span class='ocrx_word' id='word_1_44' title='bbox 947 843 1176 925; x_wconf 80' lang='lat' dir='ltr'>erectissimae,</span> <span class='ocrx_word' id='word_1_45' title='bbox 1204 839 1207 844; x_wconf 72' lang='grc'><strong>’</strong></span> 
     </span>
     <span class='ocr_line' id='line_1_8' title="bbox 163 930 1176 1017; baseline -0.002 -21"><span class='ocrx_word' id='word_1_46' title='bbox 163 933 218 1016; x_wconf 90' lang='lat' dir='ltr'>qui</span> <span class='ocrx_word' id='word_1_47' title='bbox 242 932 347 997; x_wconf 90' lang='lat' dir='ltr'>adhuc</span> <span class='ocrx_word' id='word_1_48' title='bbox 370 930 586 997; x_wconf 84' lang='lat' dir='ltr'>Alexandriae</span> <span class='ocrx_word' id='word_1_49' title='bbox 609 936 819 1016; x_wconf 77' lang='lat' dir='ltr'>perseverant</span> <span class='ocrx_word' id='word_1_50' title='bbox 843 933 877 996; x_wconf 92' lang='lat' dir='ltr'>iu</span> <span class='ocrx_word' id='word_1_51' title='bbox 902 931 1034 1017; x_wconf 82' lang='lat' dir='ltr'>Sarapis</span> <span class='ocrx_word' id='word_1_52' title='bbox 1060 931 1176 1016; x_wconf 89' lang='lat' dir='ltr'>templi</span> 
     </span>
     <span class='ocr_line' id='line_1_9' title="bbox 162 1019 1177 1105; baseline 0 -20"><span class='ocrx_word' id='word_1_53' title='bbox 162 1021 377 1104; x_wconf 88' lang='lat' dir='ltr'>circumsepto</span> <span class='ocrx_word' id='word_1_54' title='bbox 402 1021 602 1085; x_wconf 90' lang='lat' dir='ltr'>extrinsecus</span> <span class='ocrx_word' id='word_1_55' title='bbox 627 1019 830 1104; x_wconf 86' lang='lat' dir='ltr'>adsistentes,</span> <span class='ocrx_word' id='word_1_56' title='bbox 853 1021 922 1085; x_wconf 91' lang='lat' dir='ltr'>eius</span> <span class='ocrx_word' id='word_1_57' title='bbox 944 1021 1067 1105; x_wconf 89' lang='lat' dir='ltr'>templi,</span> <span class='ocrx_word' id='word_1_58' title='bbox 1091 1020 1177 1104; x_wconf 91' lang='lat' dir='ltr'>quod</span> 
     </span>
     <span class='ocr_line' id='line_1_10' title="bbox 163 1108 1177 1192; baseline -0.002 -18"><span class='ocrx_word' id='word_1_59' title='bbox 163 1113 253 1174; x_wconf 88' lang='lat' dir='ltr'>aetas</span> <span class='ocrx_word' id='word_1_60' title='bbox 279 1109 387 1174; x_wconf 89' lang='lat' dir='ltr'>iunior</span> <span class='ocrx_word' id='word_1_61' title='bbox 410 1108 587 1191; x_wconf 82' lang='lat' dir='ltr'>laboravit3</span> <span class='ocrx_word' id='word_1_62' title='bbox 617 1108 672 1172; x_wconf 90' lang='lat' dir='ltr'>sed</span> <span class='ocrx_word' id='word_1_63' title='bbox 699 1109 780 1172; x_wconf 89' lang='lat' dir='ltr'>haec</span> <span class='ocrx_word' id='word_1_64' title='bbox 808 1130 899 1192; x_wconf 89' lang='lat' dir='ltr'>saxa,</span> <span class='ocrx_word' id='word_1_65' title='bbox 928 1130 1008 1192; x_wconf 92' lang='lat' dir='ltr'>quos</span> <span class='ocrx_word' id='word_1_66' title='bbox 1038 1110 1177 1174; x_wconf 89' lang='lat' dir='ltr'>diximus</span> 
     </span>
     <span class='ocr_line' id='line_1_11' title="bbox 123 1196 1176 1283; baseline 0.001 -22"><span class='ocrx_word' id='word_1_67' title='bbox 123 1223 149 1262; x_wconf 88' lang='lat'>10</span> <span class='ocrx_word' id='word_1_68' title='bbox 164 1197 333 1280; x_wconf 88' lang='lat' dir='ltr'>obeliscos,</span> <span class='ocrx_word' id='word_1_69' title='bbox 357 1196 442 1283; x_wconf 91' lang='lat' dir='ltr'>quod</span> <span class='ocrx_word' id='word_1_70' title='bbox 466 1197 506 1261; x_wconf 90' lang='lat' dir='ltr'>ad</span> <span class='ocrx_word' id='word_1_71' title='bbox 529 1218 607 1262; x_wconf 86' lang='lat' dir='ltr'>veru</span> <span class='ocrx_word' id='word_1_72' title='bbox 631 1197 772 1261; x_wconf 87' lang='lat' dir='ltr'>ferreum</span> <span class='ocrx_word' id='word_1_73' title='bbox 796 1197 867 1262; x_wconf 87' lang='lat' dir='ltr'>saxi</span> <span class='ocrx_word' id='word_1_74' title='bbox 891 1197 1075 1262; x_wconf 89' lang='lat' dir='ltr'>sublimitas</span> <span class='ocrx_word' id='word_1_75' title='bbox 1100 1219 1176 1281; x_wconf 90' lang='lat' dir='ltr'>qua-</span> 
     </span>
     <span class='ocr_line' id='line_1_12' title="bbox 163 1285 1177 1372; baseline -0.002 -21"><span class='ocrx_word' id='word_1_76' title='bbox 163 1288 251 1364; x_wconf 85' lang='lat' dir='ltr'>dret,</span> <span class='ocrx_word' id='word_1_77' title='bbox 280 1285 439 1370; x_wconf 90' lang='lat' dir='ltr'>insignita</span> <span class='ocrx_word' id='word_1_78' title='bbox 467 1289 544 1350; x_wconf 90' lang='lat' dir='ltr'>sunt</span> <span class='ocrx_word' id='word_1_79' title='bbox 573 1288 606 1349; x_wconf 91' lang='lat' dir='ltr'>et</span> <span class='ocrx_word' id='word_1_80' title='bbox 632 1285 792 1371; x_wconf 92' lang='lat' dir='ltr'>inscripta</span> <span class='ocrx_word' id='word_1_81' title='bbox 819 1285 965 1372; x_wconf 86' lang='lat' dir='ltr'>Aegypti</span> <span class='ocrx_word' id='word_1_82' title='bbox 992 1288 1094 1352; x_wconf 89' lang='lat' dir='ltr'>sacris</span> <span class='ocrx_word' id='word_1_83' title='bbox 1124 1286 1177 1349; x_wconf 92' lang='lat' dir='ltr'>lit-</span> 
     </span>
     <span class='ocr_line' id='line_1_13' title="bbox 162 1373 1178 1459; baseline -0.002 -20"><span class='ocrx_word' id='word_1_84' title='bbox 162 1375 251 1440; x_wconf 89' lang='lat' dir='ltr'>teris.</span> <span class='ocrx_word' id='word_1_85' title='bbox 303 1373 427 1439; x_wconf 82' lang='lat' dir='ltr'>Eorum</span> <span class='ocrx_word' id='word_1_86' title='bbox 457 1395 588 1440; x_wconf 90' lang='lat' dir='ltr'>causam</span> <span class='ocrx_word' id='word_1_87' title='bbox 619 1379 652 1439; x_wconf 92' lang='lat' dir='ltr'>ct</span> <span class='ocrx_word' id='word_1_88' title='bbox 682 1375 842 1459; x_wconf 89' lang='lat' dir='ltr'>originem</span> <span class='ocrx_word' id='word_1_89' title='bbox 875 1397 948 1440; x_wconf 92' lang='lat' dir='ltr'>cum</span> <span class='ocrx_word' id='word_1_90' title='bbox 974 1375 1178 1459; x_wconf 85' lang='lat' dir='ltr'>requisisset,</span> 
     </span>
     <span class='ocr_line' id='line_1_14' title="bbox 164 1461 1177 1548; baseline -0.003 -21"><span class='ocrx_word' id='word_1_91' title='bbox 164 1461 394 1529; x_wconf 82' lang='lat' dir='ltr'>Sesonchosim</span> <span class='ocrx_word' id='word_1_92' title='bbox 412 1484 523 1548; x_wconf 89' lang='lat' dir='ltr'>regem</span> <span class='ocrx_word' id='word_1_93' title='bbox 543 1485 653 1528; x_wconf 87' lang='lat' dir='ltr'>corum</span> <span class='ocrx_word' id='word_1_94' title='bbox 674 1467 838 1529; x_wconf 88' lang='lat' dir='ltr'>auctorem</span> <span class='ocrx_word' id='word_1_95' title='bbox 858 1485 928 1528; x_wconf 87' lang='lat' dir='ltr'>esse</span> <span class='ocrx_word' id='word_1_96' title='bbox 943 1462 1103 1546; x_wconf 88' lang='lat' dir='ltr'>dicebant,</span> <span class='ocrx_word' id='word_1_97' title='bbox 1122 1462 1177 1545; x_wconf 92' lang='lat' dir='ltr'>qui</span> 
     </span>
     <span class='ocr_line' id='line_1_15' title="bbox 163 1550 1178 1636; baseline -0.002 -20"><span class='ocrx_word' id='word_1_98' title='bbox 163 1553 288 1636; x_wconf 88' lang='lat' dir='ltr'>potitus</span> <span class='ocrx_word' id='word_1_99' title='bbox 307 1552 530 1617; x_wconf 85' lang='lat' dir='ltr'>universitatis</span> <span class='ocrx_word' id='word_1_100' title='bbox 553 1552 586 1616; x_wconf 89' lang='lat' dir='ltr'>id</span> <span class='ocrx_word' id='word_1_101' title='bbox 610 1575 667 1616; x_wconf 92' lang='lat' dir='ltr'>suo</span> <span class='ocrx_word' id='word_1_102' title='bbox 688 1555 897 1618; x_wconf 91' lang='lat' dir='ltr'>monumento</span> <span class='ocrx_word' id='word_1_103' title='bbox 921 1573 991 1616; x_wconf 87' lang='lat' dir='ltr'>esse</span> <span class='ocrx_word' id='word_1_104' title='bbox 1010 1550 1178 1633; x_wconf 78' lang='lat' dir='ltr'>voluisset,</span> 
     </span>
     <span class='ocr_line' id='line_1_16' title="bbox 125 1639 1178 1726; baseline -0.003 -20"><span class='ocrx_word' id='word_1_105' title='bbox 125 1665 150 1706; x_wconf 78' lang='grc' dir='ltr'>ι(</span> <span class='ocrx_word' id='word_1_106' title='bbox 165 1642 250 1725; x_wconf 90' lang='lat' dir='ltr'>quod</span> <span class='ocrx_word' id='word_1_107' title='bbox 281 1641 347 1706; x_wconf 91' lang='lat' dir='ltr'>diis·</span> <span class='ocrx_word' id='word_1_108' title='bbox 373 1641 558 1726; x_wconf 89' lang='lat' dir='ltr'>religiosius</span> <span class='ocrx_word' id='word_1_109' title='bbox 588 1643 842 1706; x_wconf 85' lang='lat' dir='ltr'>consecraverat.</span> <span class='ocrx_word' id='word_1_110' title='bbox 893 1639 1011 1706; x_wconf 89' lang='lat' dir='ltr'>Lectae</span> <span class='ocrx_word' id='word_1_111' title='bbox 1042 1640 1178 1723; x_wconf 89' lang='lat' dir='ltr'>denique</span> 
     </span>
     <span class='ocr_line' id='line_1_17' title="bbox 164 1729 1179 1814; baseline -0.003 -19"><span class='ocrx_word' id='word_1_112' title='bbox 164 1752 224 1814; x_wconf 90' lang='lat' dir='ltr'>per</span> <span class='ocrx_word' id='word_1_113' title='bbox 242 1731 453 1813; x_wconf 89' lang='lat' dir='ltr'>interpretem</span> <span class='ocrx_word' id='word_1_114' title='bbox 471 1730 599 1794; x_wconf 89' lang='lat' dir='ltr'>litterae</span> <span class='ocrx_word' id='word_1_115' title='bbox 617 1729 782 1793; x_wconf 90' lang='lat' dir='ltr'>continere</span> <span class='ocrx_word' id='word_1_116' title='bbox 806 1733 884 1793; x_wconf 91' lang='lat' dir='ltr'>sunt</span> <span class='ocrx_word' id='word_1_117' title='bbox 901 1729 1049 1812; x_wconf 88' lang='lat' dir='ltr'>proditae</span> <span class='ocrx_word' id='word_1_118' title='bbox 1068 1729 1179 1793; x_wconf 93' lang='lat' dir='ltr'>huius-</span> 
     </span>
     <span class='ocr_line' id='line_1_18' title="bbox 165 1813 1179 1901; baseline -0.003 -19"><span class='ocrx_word' id='word_1_119' title='bbox 165 1818 253 1882; x_wconf 90' lang='lat' dir='ltr'>modi</span> <span class='ocrx_word' id='word_1_120' title='bbox 277 1818 432 1901; x_wconf 89' lang='lat' dir='ltr'>gratiam:</span> <span class='ocrx_word' id='word_1_121' title='bbox 456 1816 537 1880; x_wconf 76' lang='lat' dir='ltr'>‘Rex</span> <span class='ocrx_word' id='word_1_122' title='bbox 557 1815 699 1899; x_wconf 86' lang='lat' dir='ltr'>Aegypti</span> <span class='ocrx_word' id='word_1_123' title='bbox 718 1813 930 1881; x_wconf 69' lang='lat' dir='ltr'>sesonchosis</span> <span class='ocrx_word' id='word_1_124' title='bbox 955 1818 1043 1882; x_wconf 89' lang='lat' dir='ltr'>orbis</span> <span class='ocrx_word' id='word_1_125' title='bbox 1062 1819 1179 1900; x_wconf 87' lang='lat' dir='ltr'>potens</span> 
     </span>
     <span class='ocr_line' id='line_1_19' title="bbox 165 1901 1004 1990; baseline -0.001 -21"><span class='ocrx_word' id='word_1_126' title='bbox 165 1905 309 1990; x_wconf 90' lang='lat' dir='ltr'>praesuli</span> <span class='ocrx_word' id='word_1_127' title='bbox 331 1904 444 1968; x_wconf 90' lang='lat' dir='ltr'>mundi</span> <span class='ocrx_word' id='word_1_128' title='bbox 466 1904 568 1968; x_wconf 90' lang='lat' dir='ltr'>totius</span> <span class='ocrx_word' id='word_1_129' title='bbox 593 1903 652 1967; x_wconf 92' lang='lat' dir='ltr'>deo</span> <span class='ocrx_word' id='word_1_130' title='bbox 677 1901 792 1987; x_wconf 86' lang='lat' dir='ltr'>Sarapi</span> <span class='ocrx_word' id='word_1_131' title='bbox 816 1903 1004 1968; x_wconf 70' lang='lat' dir='ltr'>consecrat?</span> 
     </span>
     <span class='ocr_line' id='line_1_20' title="bbox 255 1989 1245 2076; baseline -0.001 -20"><span class='ocrx_word' id='word_1_132' title='bbox 255 1989 315 2057; x_wconf 79' lang='lat'>31.</span> <span class='ocrx_word' id='word_1_133' title='bbox 347 1990 428 2055; x_wconf 87' lang='lat' dir='ltr'>Adit</span> <span class='ocrx_word' id='word_1_134' title='bbox 459 2011 536 2076; x_wconf 90' lang='lat' dir='ltr'>crgo</span> <span class='ocrx_word' id='word_1_135' title='bbox 567 1989 751 2055; x_wconf 87' lang='lat' dir='ltr'>Alexander</span> <span class='ocrx_word' id='word_1_136' title='bbox 783 2012 877 2075; x_wconf 90' lang='lat' dir='ltr'>prece</span> <span class='ocrx_word' id='word_1_137' title='bbox 909 1991 1050 2055; x_wconf 88' lang='lat' dir='ltr'>maxima</span> <span class='ocrx_word' id='word_1_138' title='bbox 1082 1991 1177 2076; x_wconf 89' lang='lat' dir='ltr'>depo·</span> <span class='ocrx_word' id='word_1_139' title='bbox 1196 2004 1245 2058; x_wconf 81' lang='lat'>32.</span> 
     </span>
     <span class='ocr_line' id='line_1_21' title="bbox 126 2079 1180 2166; baseline -0.005 -18"><span class='ocrx_word' id='word_1_140' title='bbox 126 2109 152 2148; x_wconf 83' lang='grc'>(0</span> <span class='ocrx_word' id='word_1_141' title='bbox 168 2080 304 2166; x_wconf 88' lang='lat' dir='ltr'>scitque,</span> <span class='ocrx_word' id='word_1_142' title='bbox 331 2080 379 2143; x_wconf 91' lang='lat' dir='ltr'>uti</span> <span class='ocrx_word' id='word_1_143' title='bbox 403 2079 431 2144; x_wconf 88' lang='lat' dir='ltr'>si</span> <span class='ocrx_word' id='word_1_144' title='bbox 454 2079 520 2144; x_wconf 88' lang='lat' dir='ltr'>ista</span> <span class='ocrx_word' id='word_1_145' title='bbox 541 2082 614 2143; x_wconf 89' lang='lat' dir='ltr'>rata</span> <span class='ocrx_word' id='word_1_146' title='bbox 637 2083 723 2144; x_wconf 89' lang='lat' dir='ltr'>esset</span> <span class='ocrx_word' id='word_1_147' title='bbox 744 2079 847 2164; x_wconf 90' lang='lat' dir='ltr'>fama,</span> <span class='ocrx_word' id='word_1_148' title='bbox 877 2101 959 2164; x_wconf 89' lang='lat' dir='ltr'>quae</span> <span class='ocrx_word' id='word_1_149' title='bbox 982 2079 1105 2163; x_wconf 90' lang='lat' dir='ltr'>scripta</span> <span class='ocrx_word' id='word_1_150' title='bbox 1128 2079 1180 2163; x_wconf 92' lang='lat' dir='ltr'>sit,</span> 
     </span>
     <span class='ocr_line' id='line_1_22' title="bbox 167 2167 1181 2254; baseline 0 -20"><span class='ocrx_word' id='word_1_151' title='bbox 167 2191 237 2234; x_wconf 89' lang='lat' dir='ltr'>sese</span> <span class='ocrx_word' id='word_1_152' title='bbox 255 2189 375 2234; x_wconf 87' lang='lat' dir='ltr'>numen</span> <span class='ocrx_word' id='word_1_153' title='bbox 393 2167 474 2233; x_wconf 91' lang='lat' dir='ltr'>illud</span> <span class='ocrx_word' id='word_1_154' title='bbox 493 2167 605 2234; x_wconf 89' lang='lat' dir='ltr'>mundi</span> <span class='ocrx_word' id='word_1_155' title='bbox 622 2168 725 2233; x_wconf 92' lang='lat' dir='ltr'>totius</span> <span class='ocrx_word' id='word_1_156' title='bbox 745 2168 910 2234; x_wconf 89' lang='lat' dir='ltr'>dominum</span> <span class='ocrx_word' id='word_1_157' title='bbox 933 2172 1181 2254; x_wconf 89' lang='lat' dir='ltr'>recognosceret</span> 
     </span>
     <span class='ocr_line' id='line_1_23' title="bbox 167 2255 1180 2343; baseline -0.002 -20"><span class='ocrx_word' id='word_1_158' title='bbox 167 2262 200 2323; x_wconf 94' lang='lat' dir='ltr'>et</span> <span class='ocrx_word' id='word_1_159' title='bbox 228 2259 315 2322; x_wconf 90' lang='lat' dir='ltr'>idem</span> <span class='ocrx_word' id='word_1_160' title='bbox 343 2255 523 2322; x_wconf 85' lang='lat' dir='ltr'>evidentius</span> <span class='ocrx_word' id='word_1_161' title='bbox 551 2257 727 2322; x_wconf 89' lang='lat' dir='ltr'>intimaret.</span> <span class='ocrx_word' id='word_1_162' title='bbox 772 2256 862 2343; x_wconf 80' lang='lat' dir='ltr'>Ergo</span> <span class='ocrx_word' id='word_1_163' title='bbox 891 2258 1008 2341; x_wconf 90' lang='lat' dir='ltr'>quietis</span> <span class='ocrx_word' id='word_1_164' title='bbox 1031 2257 1180 2342; x_wconf 90' lang='lat' dir='ltr'>proximo</span> 
     </span>
     <span class='ocr_line' id='line_1_24' title="bbox 93 2345 1180 2434; baseline 0.001 -24"><span class='ocrx_word' id='word_1_165' title='bbox 93 2424 97 2432; x_wconf 71' lang='lat'>.</span> <span class='ocrx_word' id='word_1_166' title='bbox 166 2352 313 2432; x_wconf 87' lang='lat' dir='ltr'>tempore</span> <span class='ocrx_word' id='word_1_167' title='bbox 341 2345 444 2410; x_wconf 91' lang='lat' dir='ltr'>eidem</span> <span class='ocrx_word' id='word_1_168' title='bbox 473 2345 550 2410; x_wconf 90' lang='lat' dir='ltr'>deus</span> <span class='ocrx_word' id='word_1_169' title='bbox 575 2345 742 2411; x_wconf 87' lang='lat' dir='ltr'>confessus</span> <span class='ocrx_word' id='word_1_170' title='bbox 770 2368 867 2430; x_wconf 90' lang='lat' dir='ltr'>super</span> <span class='ocrx_word' id='word_1_171' title='bbox 894 2347 988 2431; x_wconf 89' lang='lat' dir='ltr'>regui</span> <span class='ocrx_word' id='word_1_172' title='bbox 1017 2347 1180 2434; x_wconf 88' lang='lat' dir='ltr'>magnitu-</span> 
     </span>
     <span class='ocr_line' id='line_1_25' title="bbox 168 2433 1182 2522; baseline -0.001 -22"><span class='ocrx_word' id='word_1_173' title='bbox 168 2436 242 2500; x_wconf 89' lang='lat' dir='ltr'>dine</span> <span class='ocrx_word' id='word_1_174' title='bbox 275 2435 399 2520; x_wconf 89' lang='lat' dir='ltr'>pariter</span> <span class='ocrx_word' id='word_1_175' title='bbox 430 2455 468 2500; x_wconf 91' lang='lat' dir='ltr'>ac</span> <span class='ocrx_word' id='word_1_176' title='bbox 497 2435 668 2499; x_wconf 90' lang='lat' dir='ltr'>maiestate</span> <span class='ocrx_word' id='word_1_177' title='bbox 701 2437 748 2500; x_wconf 92' lang='lat' dir='ltr'>sic</span> <span class='ocrx_word' id='word_1_178' title='bbox 781 2435 842 2500; x_wconf 88' lang='lat' dir='ltr'>ait:</span> <span class='ocrx_word' id='word_1_179' title='bbox 875 2433 1036 2522; x_wconf 78' lang='lat' dir='ltr'>‘Nonne,&#39;</span> <span class='ocrx_word' id='word_1_180' title='bbox 1066 2437 1182 2521; x_wconf 91' lang='lat' dir='ltr'>inquit,</span> 
     </span>
     <span class='ocr_line' id='line_1_26' title="bbox 127 2521 1182 2610; baseline -0.005 -18"><span class='ocrx_word' id='word_1_181' title='bbox 127 2552 154 2594; x_wconf 80' lang='lat' dir='ltr'>aa</span> <span class='ocrx_word' id='word_1_182' title='bbox 169 2524 382 2610; x_wconf 70' lang='lat' dir='ltr'>‘memineras</span> <span class='ocrx_word' id='word_1_183' title='bbox 405 2521 599 2608; x_wconf 89' lang='lat' dir='ltr'>Alexander,</span> <span class='ocrx_word' id='word_1_184' title='bbox 626 2523 863 2588; x_wconf 89' lang='lat' dir='ltr'>sacrificantem</span> <span class='ocrx_word' id='word_1_185' title='bbox 886 2527 919 2589; x_wconf 92' lang='lat' dir='ltr'>te</span> <span class='ocrx_word' id='word_1_186' title='bbox 943 2546 1016 2590; x_wconf 91' lang='lat' dir='ltr'>cum</span> <span class='ocrx_word' id='word_1_187' title='bbox 1039 2526 1182 2608; x_wconf 90' lang='lat' dir='ltr'>primum</span> 
     </span>
     <span class='ocr_line' id='line_1_27' title="bbox 168 2611 1181 2696; baseline -0.002 -18"><span class='ocrx_word' id='word_1_188' title='bbox 168 2617 242 2678; x_wconf 88' lang='lat' dir='ltr'>exta</span> <span class='ocrx_word' id='word_1_189' title='bbox 274 2612 373 2678; x_wconf 84' lang='lat' dir='ltr'>saonis</span> <span class='ocrx_word' id='word_1_190' title='bbox 403 2611 588 2696; x_wconf 85' lang='lat' dir='ltr'>inveheres,</span> <span class='ocrx_word' id='word_1_191' title='bbox 617 2613 719 2677; x_wconf 88' lang='lat' dir='ltr'>totius</span> <span class='ocrx_word' id='word_1_192' title='bbox 749 2613 862 2678; x_wconf 91' lang='lat' dir='ltr'>mundi</span> <span class='ocrx_word' id='word_1_193' title='bbox 892 2613 1020 2678; x_wconf 85' lang='lat' dir='ltr'>orbisve</span> <span class='ocrx_word' id='word_1_194' title='bbox 1050 2613 1181 2678; x_wconf 89' lang='lat' dir='ltr'>domino</span> 
     </span>
     <span class='ocr_line' id='line_1_28' title="bbox 169 2699 1181 2786; baseline -0.003 -21"><span class='ocrx_word' id='word_1_195' title='bbox 169 2702 283 2766; x_wconf 89' lang='lat' dir='ltr'>cadem</span> <span class='ocrx_word' id='word_1_196' title='bbox 308 2705 342 2764; x_wconf 90' lang='lat' dir='ltr'>te</span> <span class='ocrx_word' id='word_1_197' title='bbox 366 2701 544 2766; x_wconf 86' lang='lat' dir='ltr'>sacravisse</span> <span class='ocrx_word' id='word_1_198' title='bbox 568 2701 701 2786; x_wconf 89' lang='lat' dir='ltr'>eiusque</span> <span class='ocrx_word' id='word_1_199' title='bbox 725 2701 846 2766; x_wconf 88' lang='lat' dir='ltr'>auxilia</span> <span class='ocrx_word' id='word_1_200' title='bbox 868 2700 1048 2784; x_wconf 78' lang='lat' dir='ltr'>petivisse?</span> <span class='ocrx_word' id='word_1_201' title='bbox 1093 2699 1181 2774; x_wconf 83' lang='lat' dir='ltr'>Quae</span> 
     </span>
    </p>
   </div>
   <div class='ocr_carea' id='block_1_3' title="bbox 169 2891 1187 3670">
    <p class='ocr_par' dir='ltr' id='par_1_3' title="bbox 169 2891 1185 3456">
     <span class='ocr_line' id='line_1_29' title="bbox 258 2891 1183 2960; baseline -0.002 -14"><span class='ocrx_word' id='word_1_202' title='bbox 258 2892 324 2946; x_wconf 67' lang='lat' dir='ltr'>tet</span> <span class='ocrx_word' id='word_1_203' title='bbox 341 2891 550 2960; x_wconf 88' lang='lat' dir='ltr'>pulchritudine</span> <span class='ocrx_word' id='word_1_204' title='bbox 573 2899 670 2947; x_wconf 64' lang='grc'>0011.</span> <span class='ocrx_word' id='word_1_205' title='bbox 695 2893 741 2947; x_wconf 86' lang='lat' dir='ltr'>sed</span> <span class='ocrx_word' id='word_1_206' title='bbox 764 2892 872 2960; x_wconf 76' lang='lat' dir='ltr'>aliquid</span> <span class='ocrx_word' id='word_1_207' title='bbox 893 2891 1116 2960; x_wconf 70' lang='lat' dir='ltr'>superscriptae.</span> <span class='ocrx_word' id='word_1_208' title='bbox 1150 2907 1183 2945; x_wconf 93' lang='lat' dir='ltr'>eo</span> 
     </span>
     <span class='ocr_line' id='line_1_30' title="bbox 169 2961 1183 3033; baseline -0.002 -15"><span class='ocrx_word' id='word_1_209' title='bbox 169 2961 379 3033; x_wconf 87' lang='lat' dir='ltr'>pulchritudine</span> <span class='ocrx_word' id='word_1_210' title='bbox 398 2964 433 3018; x_wconf 97' lang='lat' dir='ltr'>A.</span> <span class='ocrx_word' id='word_1_211' title='bbox 502 2967 519 3015; x_wconf 85' lang='lat'>4</span> <span class='ocrx_word' id='word_1_212' title='bbox 539 2963 640 3017; x_wconf 76' lang='lat' dir='ltr'>certius</span> <span class='ocrx_word' id='word_1_213' title='bbox 659 2962 695 3018; x_wconf 88' lang='lat' dir='ltr'>A.</span> <span class='ocrx_word' id='word_1_214' title='bbox 719 2964 825 3016; x_wconf 88' lang='lat' dir='ltr'>certum</span> <span class='ocrx_word' id='word_1_215' title='bbox 844 2969 870 3014; x_wconf 76' lang='grc'>1.</span> <span class='ocrx_word' id='word_1_216' title='bbox 935 2965 952 3014; x_wconf 78' lang='lat' dir='ltr'>t</span> <span class='ocrx_word' id='word_1_217' title='bbox 972 2979 1004 3016; x_wconf 91' lang='lat' dir='ltr'>ac</span> <span class='ocrx_word' id='word_1_218' title='bbox 1021 2961 1136 3016; x_wconf 89' lang='lat' dir='ltr'>Iunonis</span> <span class='ocrx_word' id='word_1_219' title='bbox 1155 2969 1183 3016; x_wconf 76' lang='grc'>1.</span> 
     </span>
     <span class='ocr_line' id='line_1_31' title="bbox 169 3031 1184 3102; baseline -0.005 -13"><span class='ocrx_word' id='word_1_220' title='bbox 169 3035 234 3090; x_wconf 88' lang='lat' dir='ltr'>acui</span> <span class='ocrx_word' id='word_1_221' title='bbox 256 3033 292 3089; x_wconf 87' lang='lat' dir='ltr'>A.</span> <span class='ocrx_word' id='word_1_222' title='bbox 402 3033 628 3088; x_wconf 75' lang='lat' dir='ltr'>berectissimae</span> <span class='ocrx_word' id='word_1_223' title='bbox 651 3034 687 3088; x_wconf 92' lang='lat' dir='ltr'>A.</span> <span class='ocrx_word' id='word_1_224' title='bbox 715 3032 888 3088; x_wconf 88' lang='lat' dir='ltr'>rectissimae</span> <span class='ocrx_word' id='word_1_225' title='bbox 912 3039 939 3086; x_wconf 76' lang='grc'>1.</span> <span class='ocrx_word' id='word_1_226' title='bbox 1048 3031 1184 3102; x_wconf 75' lang='lat' dir='ltr'>ttempli</span> 
     </span>
     <span class='ocr_line' id='line_1_32' title="bbox 170 3103 1183 3174; baseline -0.003 -14"><span class='ocrx_word' id='word_1_227' title='bbox 170 3105 356 3174; x_wconf 87' lang='lat' dir='ltr'>circumsepto</span> <span class='ocrx_word' id='word_1_228' title='bbox 377 3111 404 3156; x_wconf 77' lang='grc'>1.</span> <span class='ocrx_word' id='word_1_229' title='bbox 427 3105 535 3174; x_wconf 91' lang='lat' dir='ltr'>templo</span> <span class='ocrx_word' id='word_1_230' title='bbox 556 3105 659 3158; x_wconf 88' lang='lat' dir='ltr'>circum</span> <span class='ocrx_word' id='word_1_231' title='bbox 679 3106 760 3173; x_wconf 87' lang='lat' dir='ltr'>septa</span> <span class='ocrx_word' id='word_1_232' title='bbox 777 3103 814 3156; x_wconf 90' lang='lat' dir='ltr'>A.</span> <span class='ocrx_word' id='word_1_233' title='bbox 856 3110 872 3158; x_wconf 83' lang='lat'>9</span> <span class='ocrx_word' id='word_1_234' title='bbox 891 3119 965 3172; x_wconf 88' lang='lat' dir='ltr'>saxa,</span> <span class='ocrx_word' id='word_1_235' title='bbox 985 3120 1056 3172; x_wconf 87' lang='lat' dir='ltr'>quos</span> <span class='ocrx_word' id='word_1_236' title='bbox 1074 3105 1183 3158; x_wconf 74' lang='grc' dir='ltr'>1.Μο1.</span> 
     </span>
     <span class='ocr_line' id='line_1_33' title="bbox 171 3175 1185 3232; baseline -0.002 -2"><span class='ocrx_word' id='word_1_237' title='bbox 171 3177 296 3232; x_wconf 84' lang='lat' dir='ltr'>saxerios</span> <span class='ocrx_word' id='word_1_238' title='bbox 314 3175 351 3230; x_wconf 89' lang='lat' dir='ltr'>A.</span> <span class='ocrx_word' id='word_1_239' title='bbox 435 3180 468 3229; x_wconf 89' lang='lat'>10</span> <span class='ocrx_word' id='word_1_240' title='bbox 487 3176 607 3230; x_wconf 83' lang='lat' dir='ltr'>ferreum</span> <span class='ocrx_word' id='word_1_241' title='bbox 627 3175 686 3230; x_wconf 81' lang='lat' dir='ltr'>saxi</span> <span class='ocrx_word' id='word_1_242' title='bbox 705 3182 732 3229; x_wconf 77' lang='grc'>1.</span> <span class='ocrx_word' id='word_1_243' title='bbox 756 3175 847 3230; x_wconf 85' lang='lat' dir='ltr'>ferreo</span> <span class='ocrx_word' id='word_1_244' title='bbox 867 3175 941 3230; x_wconf 85' lang='lat' dir='ltr'>saxis</span> <span class='ocrx_word' id='word_1_245' title='bbox 960 3176 996 3229; x_wconf 93' lang='lat' dir='ltr'>A.</span> <span class='ocrx_word' id='word_1_246' title='bbox 1078 3179 1110 3227; x_wconf 88' lang='lat'>11</span> <span class='ocrx_word' id='word_1_247' title='bbox 1129 3175 1185 3228; x_wconf 89' lang='lat' dir='ltr'>Ae-</span> 
     </span>
     <span class='ocr_line' id='line_1_34' title="bbox 170 3244 1183 3317; baseline -0.004 -15"><span class='ocrx_word' id='word_1_248' title='bbox 170 3247 263 3317; x_wconf 79' lang='lat' dir='ltr'>gyptii</span> <span class='ocrx_word' id='word_1_249' title='bbox 290 3246 377 3302; x_wconf 85' lang='lat' dir='ltr'>saeris</span> <span class='ocrx_word' id='word_1_250' title='bbox 406 3253 434 3301; x_wconf 77' lang='grc'>1.</span> <span class='ocrx_word' id='word_1_251' title='bbox 466 3244 616 3316; x_wconf 84' lang='lat' dir='ltr'>Aegyptiis</span> <span class='ocrx_word' id='word_1_252' title='bbox 644 3263 677 3300; x_wconf 88' lang='lat' dir='ltr'>ac</span> <span class='ocrx_word' id='word_1_253' title='bbox 706 3245 792 3300; x_wconf 90' lang='lat' dir='ltr'>sacris</span> <span class='ocrx_word' id='word_1_254' title='bbox 820 3247 856 3301; x_wconf 91' lang='lat' dir='ltr'>A.</span> <span class='ocrx_word' id='word_1_255' title='bbox 967 3251 1000 3299; x_wconf 83' lang='lat'>14</span> <span class='ocrx_word' id='word_1_256' title='bbox 1024 3245 1055 3298; x_wconf 90' lang='lat' dir='ltr'>id</span> <span class='ocrx_word' id='word_1_257' title='bbox 1081 3260 1130 3298; x_wconf 91' lang='lat' dir='ltr'>suo</span> <span class='ocrx_word' id='word_1_258' title='bbox 1156 3251 1183 3298; x_wconf 74' lang='grc'>1.</span> 
     </span>
     <span class='ocr_line' id='line_1_35' title="bbox 172 3314 1184 3443; baseline -0.003 -71"><span class='ocrx_word' id='word_1_259' title='bbox 172 3321 305 3443; x_wconf 67' lang='lat' dir='ltr'>(monupu</span> <span class='ocrx_word' id='word_1_260' title='bbox 326 3318 378 3388; x_wconf 76' lang='lat' dir='ltr'>lapi</span> <span class='ocrx_word' id='word_1_261' title='bbox 395 3333 453 3372; x_wconf 80' lang='lat' dir='ltr'>aaa</span> <span class='ocrx_word' id='word_1_262' title='bbox 467 3320 576 3387; x_wconf 80' lang='lat' dir='ltr'>potest).</span> <span class='ocrx_word' id='word_1_263' title='bbox 601 3317 637 3371; x_wconf 91' lang='lat' dir='ltr'>ad</span> <span class='ocrx_word' id='word_1_264' title='bbox 656 3315 699 3371; x_wconf 89' lang='lat' dir='ltr'>sui</span> <span class='ocrx_word' id='word_1_265' title='bbox 718 3317 921 3371; x_wconf 89' lang='lat' dir='ltr'>monimentum</span> <span class='ocrx_word' id='word_1_266' title='bbox 939 3318 975 3370; x_wconf 92' lang='lat' dir='ltr'>A.</span> <span class='ocrx_word' id='word_1_267' title='bbox 1015 3321 1047 3370; x_wconf 79' lang='lat'>15</span> <span class='ocrx_word' id='word_1_268' title='bbox 1066 3314 1143 3384; x_wconf 89' lang='lat' dir='ltr'>quod</span> <span class='ocrx_word' id='word_1_269' title='bbox 1156 3322 1184 3369; x_wconf 72' lang='grc'>1.</span> 
     </span>
     <span class='ocr_line' id='line_1_36' title="bbox 171 3404 293 3456; baseline -0.008 -15"><span class='ocrx_word' id='word_1_270' title='bbox 171 3404 239 3456; x_wconf 89' lang='lat' dir='ltr'>quos</span> <span class='ocrx_word' id='word_1_271' title='bbox 288 3429 293 3440; x_wconf 94' lang='lat'>.</span> 
     </span>
    </p>

    <p class='ocr_par' dir='ltr' id='par_1_4' title="bbox 170 3457 1187 3670">
     <span class='ocr_line' id='line_1_37' title="bbox 260 3457 1187 3526; baseline 0 -14"><span class='ocrx_word' id='word_1_272' title='bbox 260 3459 307 3512; x_wconf 81' lang='lat' dir='ltr'>al.</span> <span class='ocrx_word' id='word_1_273' title='bbox 327 3464 362 3512; x_wconf 78' lang='grc'>10</span> <span class='ocrx_word' id='word_1_274' title='bbox 380 3474 434 3526; x_wconf 89' lang='lat' dir='ltr'>que</span> <span class='ocrx_word' id='word_1_275' title='bbox 453 3459 617 3513; x_wconf 87' lang='lat' dir='ltr'>uti-esset</span> <span class='ocrx_word' id='word_1_276' title='bbox 633 3459 711 3512; x_wconf 80' lang='lat' dir='ltr'>fama</span> <span class='ocrx_word' id='word_1_277' title='bbox 728 3473 779 3513; x_wconf 87' lang='lat' dir='ltr'>om.</span> <span class='ocrx_word' id='word_1_278' title='bbox 798 3464 826 3511; x_wconf 80' lang='lat' dir='ltr'>r.</span> <span class='ocrx_word' id='word_1_279' title='bbox 863 3463 897 3512; x_wconf 78' lang='grc'>21</span> <span class='ocrx_word' id='word_1_280' title='bbox 918 3459 948 3512; x_wconf 89' lang='lat' dir='ltr'>et</span> <span class='ocrx_word' id='word_1_281' title='bbox 965 3457 1040 3511; x_wconf 91' lang='lat' dir='ltr'>idem</span> <span class='ocrx_word' id='word_1_282' title='bbox 1057 3457 1129 3512; x_wconf 73' lang='lat' dir='ltr'>Mas.</span> <span class='ocrx_word' id='word_1_283' title='bbox 1157 3459 1187 3512; x_wconf 93' lang='lat' dir='ltr'>et</span> 
     </span>
     <span class='ocr_line' id='line_1_38' title="bbox 171 3527 1186 3599; baseline 0.002 -17"><span class='ocrx_word' id='word_1_284' title='bbox 171 3527 263 3582; x_wconf 87' lang='lat' dir='ltr'>cidem</span> <span class='ocrx_word' id='word_1_285' title='bbox 281 3529 316 3582; x_wconf 91' lang='lat' dir='ltr'>A.</span> <span class='ocrx_word' id='word_1_286' title='bbox 344 3529 420 3584; x_wconf 89' lang='lat' dir='ltr'>idem</span> <span class='ocrx_word' id='word_1_287' title='bbox 438 3536 465 3584; x_wconf 76' lang='grc'>1.</span> <span class='ocrx_word' id='word_1_288' title='bbox 579 3534 613 3583; x_wconf 77' lang='grc'>13</span> <span class='ocrx_word' id='word_1_289' title='bbox 633 3545 717 3597; x_wconf 90' lang='lat' dir='ltr'>snper</span> <span class='ocrx_word' id='word_1_290' title='bbox 734 3528 815 3599; x_wconf 84' lang='lat' dir='ltr'>regni</span> <span class='ocrx_word' id='word_1_291' title='bbox 833 3530 940 3598; x_wconf 79' lang='lat' dir='ltr'>scripsi.</span> <span class='ocrx_word' id='word_1_292' title='bbox 967 3545 996 3584; x_wconf 88' lang='lat' dir='ltr'>se</span> <span class='ocrx_word' id='word_1_293' title='bbox 1015 3528 1076 3599; x_wconf 87' lang='lat' dir='ltr'>regi</span> <span class='ocrx_word' id='word_1_294' title='bbox 1093 3528 1130 3584; x_wconf 89' lang='lat' dir='ltr'>A.</span> <span class='ocrx_word' id='word_1_295' title='bbox 1157 3547 1186 3584; x_wconf 87' lang='lat' dir='ltr'>se</span> 
     </span>
     <span class='ocr_line' id='line_1_39' title="bbox 170 3599 766 3670; baseline 0.002 -18"><span class='ocrx_word' id='word_1_296' title='bbox 170 3599 250 3670; x_wconf 82' lang='lat' dir='ltr'>regia</span> <span class='ocrx_word' id='word_1_297' title='bbox 267 3599 370 3653; x_wconf 83' lang='lat' dir='ltr'>Etcrb.</span> <span class='ocrx_word' id='word_1_298' title='bbox 442 3606 476 3654; x_wconf 77' lang='lat'>2⁷</span> <span class='ocrx_word' id='word_1_299' title='bbox 497 3599 595 3655; x_wconf 86' lang='lat' dir='ltr'>eadem</span> <span class='ocrx_word' id='word_1_300' title='bbox 613 3603 642 3654; x_wconf 91' lang='lat' dir='ltr'>te</span> <span class='ocrx_word' id='word_1_301' title='bbox 661 3616 711 3655; x_wconf 90' lang='lat' dir='ltr'>om.</span> <span class='ocrx_word' id='word_1_302' title='bbox 731 3600 766 3653; x_wconf 89' lang='lat' dir='ltr'>A.</span> 
     </span>
    </p>
   </div>
   <div class='ocr_carea' id='block_1_4' title="bbox 0 0 1347 3926">
    <p class='ocr_par' dir='ltr' id='par_1_5' title="bbox 0 0 1347 3926">
     <span class='ocr_line' id='line_1_40' title="bbox 0 0 1347 3926; baseline 0 0"><span class='ocrx_word' id='word_1_303' title='bbox 0 0 1347 3926; x_wconf 95' lang='lat' dir='ltr'> </span> 
     </span>
    </p>
   </div>
  </div>
 </body>
</html>
