2648 3922
478 158 596 215 ORTUS
615 157 836 214 ALEXANDRI.
1120 161 1163 226 29

152 319 338 388 Alexander
352 324 505 405 paternae
519 324 648 386 statuae
663 325 852 406 suggestum
871 326 904 387 et
922 327 1055 406 propter
1073 323 1164 388 illam

150 411 314 476 adsistens
337 411 371 473 in
394 409 475 474 haec
494 409 593 475 verba
616 409 836 476 contionatur:
860 408 905 476 ‘0
924 411 1036 476 Pellae
1056 413 1164 496 proles

149 503 186 564 et
202 496 415 563 Macedonum
438 498 486 562 vel
500 497 748 564 Atheniensium
763 495 974 584 Corinthique
992 500 1164 585 progenies

149 589 395 670 ceterarumque
409 584 564 650 Graeciae
579 587 724 672 gentium
738 587 880 671 nomina,
899 609 939 652 en
958 591 1087 672 tempus
1107 591 1165 670 est,
1286 617 1287 628 ¹

150 674 298 759 quisquis
313 673 502 740 Alexandro
517 697 587 740 sese
602 675 711 759 cupiat
725 675 875 760 militare,
891 679 928 740 ut
942 676 1066 742 scilicet
1079 697 1165 742 nuno
1185 697 1198 737 s
1286 687 1289 762 1

152 784 272 828 nomen
290 763 398 828 labori
412 764 564 828 fateatur.
598 762 637 828 In
656 785 712 829 eos
727 765 846 848 quippe
865 764 1077 829 militabimus
1091 765 1165 829 bar·
1288 765 1289 770 ’

151 852 259 935 beros,
282 852 419 934 quinos
443 852 635 936 iampridem
658 873 702 935 re,
723 873 809 917 nunc
831 873 909 917 vero
933 853 1074 936 spoliare
1092 873 1165 936 per·

150 944 236 1025 gunt
262 941 362 1005 etiarn
384 940 544 1006 libertate.
589 939 696 1025 Igitur
724 961 835 1005 eamus
863 940 976 1007 ducere
1004 942 1039 1006 in
1067 943 1164 1007 servi·

151 1033 257 1094 tutem
276 1027 400 1094 Persas.
441 1027 498 1113 Hi,
521 1029 638 1113 quibus
657 1031 752 1111 turpe
771 1033 842 1094 erat
861 1029 1076 1098 servientibus
1098 1051 1166 1094 non

152 1117 339 1199 subvenire,
367 1117 453 1181 enim
480 1139 565 1182 nunc
592 1116 658 1180 iam
682 1117 781 1182 etiam
809 1117 874 1201 ipsi
896 1116 1075 1183 servimus?
1120 1119 1166 1182 Et
1180 1139 1206 1179 ro

151 1205 233 1270 haec
257 1205 386 1290 quidem
409 1204 496 1270 dicta
518 1205 743 1289 praesentibus
768 1204 872 1270 edicit.
918 1205 1042 1271 Tamen
1064 1207 1093 1270 it
1115 1228 1165 1270 ea-

152 1294 227 1358 dem
249 1293 307 1358 illa
331 1294 493 1358 sententia
516 1297 550 1359 et
569 1314 627 1377 per
650 1294 780 1379 singula
802 1295 922 1377 oppida
943 1295 1166 1378 civitatesque,

152 1386 191 1446 ut
212 1404 278 1447 una
301 1404 375 1447 cum
398 1383 557 1448 elassibus
579 1381 613 1465 11,
636 1382 692 1465 qui
715 1403 879 1447 armorum
903 1382 1061 1448 desiderio
1080 1386 1167 1448 tene·

153 1473 278 1554 rentur,
307 1470 348 1536 ad
376 1492 446 1536 seso
470 1471 677 1536 confluerent.
722 1470 828 1555 Igitur
854 1475 892 1534 ut
916 1471 944 1535 si
967 1471 1166 1536 incentivum

154 1559 285 1642 aliquod
307 1559 417 1624 divina
435 1581 514 1625 voce
535 1559 757 1642 intonavisset,
780 1580 844 1642 quo
867 1558 994 1623 facilius
1018 1559 1058 1623 ad
1083 1560 1165 1624 eius·
1180 1580 1206 1622 11

152 1648 241 1713 rnodi
271 1668 353 1731 opus
377 1647 484 1713 studia
506 1648 676 1712 hominum
700 1647 957 1730 exardescerent,
984 1647 1032 1712 ita
1053 1650 1166 1712 votum

153 1739 379 1822 certamenque
408 1740 478 1800 erat
504 1735 736 1801 Macedonibus
764 1735 935 1800 militandi.
985 1736 1167 1801 Alexander

153 1825 287 1890 aedibus
308 1826 472 1909 reseratis,
496 1825 613 1910 quibus
631 1824 762 1889 condita
779 1825 881 1907 patris
902 1845 993 1889 arma
1011 1823 1166 1889 militaria

154 1914 353 1998 visebantur,
375 1914 427 1979 his
451 1935 531 1998 quos
555 1914 695 1978 inermes
717 1912 846 1977 viderat
869 1913 1050 1998 dilargitur.
1179 1935 1204 1975 re

244 2000 303 2068 20.
327 2001 390 2067 Sed
405 2002 492 2067 enim
506 2003 642 2086 quisque
656 2002 798 2086 armiger
812 2001 956 2086 Philippi
970 2005 1077 2067 aetate
1093 2024 1166 2085 pro·
1186 2013 1230 2066 11.

154 2091 286 2174 11111ο1,
309 2090 365 2156 diu
383 2091 450 2156 iarn
468 2091 604 2155 militiae
623 2089 809 2174 laborisque
827 2093 1005 2174 pertaesus,
1025 2089 1167 2173 negabat

155 2200 189 2242 se
203 2178 357 2244 idoneum
374 2179 425 2243 his
445 2179 615 2244 conatibus
633 2178 713 2261 fore,
732 2180 839 2242 aetate
859 2178 983 2243 scilicet
1003 2200 1062 2242 sua
1075 2198 1166 2260 prae·

155 2268 299 2332 sentibus
329 2266 524 2353 refragante.
570 2267 622 2332 Ad
651 2267 732 2332 haec
760 2265 943 2330 Alexander
969 2263 1166 2350 ‘Equidem'

155 2355 275 2440 inquit,
307 2355 550 2421 ‘veridicentiae
582 2356 640 2420 isti
670 2355 764 2419 testis
797 2354 912 2419 accedo
944 2375 1004 2419 nec
1036 2354 1166 2418 labores

155 2448 292 2527 vestros,
315 2466 396 2528 quos
419 2443 647 2527 praetenditis,
669 2464 735 2507 non
758 2441 947 2526 adstipulor.
989 2440 1165 2506 Enimvero
1181 2464 1207 2505 ao

155 2531 293 2596 militiae
307 2533 356 2597 vis
378 2532 535 2598 eiusmodi
553 2553 605 2596 res
629 2534 688 2615 111,
706 2530 754 2594 uti
773 2528 963 2614 magisterio
981 2529 1168 2594 callentium

156 2620 305 2686 ordinato
332 2643 409 2686 mox
431 2620 547 2686 fiducia
570 2618 688 2683 virium
716 2618 920 2702 exsequenda
949 2617 1000 2682 111.
1046 2616 1168 2684 Peritia

156 2709 275 2794 quippe
289 2709 409 2774 veteris
427 2730 506 2773 usus
525 2705 614 2771 rudis
635 2727 749 2770 manus
768 2707 903 2771 audacia
917 2705 1085 2791 dirigenda
1104 2711 1168 2772 est:

157 2817 294 2880 quorum
325 2799 462 2862 alterum
492 2818 567 2881 vos,
599 2795 736 2859 alterum
768 2794 919 2860 iuventus
953 2795 1169 2860 existimatur.

245 2952 572 3008 ainhaecverbaMoit
591 2950 664 3007 adh.
675 2950 742 3005 uA.
751 2950 785 3004 P.
819 2957 835 3006 3
851 2949 1078 3019 chorintiiqncP.
1106 2957 1171 3006 4111

159 3023 270 3092 tempus
289 3029 316 3078 ’1.
344 3041 378 3079 en
397 3039 447 3078 cm.
465 3023 540 3076 ΑΡ.
577 3025 686 3076 511111
705 3020 831 3090 quisquis
852 3023 885 3077 P.
914 3022 1022 3077 scilicet
1039 3020 1114 3075 hunc
1135 3021 1170 3074 P.

157 3098 173 3148 8
192 3093 374 3151 1111111111.
413 3099 447 3148 10
465 3095 540 3148 enim
551 3098 615 3162 post
628 3093 667 3146 Hi
680 3093 793 3149 collocat
806 3093 906 3163 Klape.
927 3108 962 3147 en
975 3091 1077 3147 Ebert.
1111 3092 1171 3145 iam

35 3171 41 3196 '
158 3179 207 3218 cm.
218 3165 254 3220 A.
262 3165 296 3220 P.
342 3171 373 3219 11
393 3164 418 3218 it
435 3164 562 3220 111111).
605 3168 640 3217 14
657 3161 818 3218 incendium
828 3163 858 3219 T.
904 3168 937 3218 15
956 3162 1126 3217 intonuisset
1135 3163 1170 3216 P.

158 3233 320 3290 huiusmodi
338 3236 371 3290 P.
427 3241 460 3291 17
480 3236 622 3289 certamen
642 3236 703 3358 qqm.
723 3236 788 3304 que)
807 3234 840 3290 P.
868 3232 907 3289 At
924 3233 1083 3288 Alexander
1104 3233 1134 3287 T.

246 3306 296 3361 20.
315 3312 348 3360 21
369 3305 417 3360 diu
435 3306 492 3359 iam
505 3306 620 3375 scripsi;
664 3304 768 3359 'vinam
784 3304 816 3359 Τ.
840 3304 875 3358 de
894 3304 923 3358 11
937 3305 972 3360 A.
980 3304 1014 3360 P.
1056 3309 1090 3358 22
1109 3304 1171 3360 ido·

158 3391 240 3431 neum
263 3376 309 3431 his
332 3377 426 3448 Geyer.
454 3375 564 3432 idoneis
589 3376 624 3431 A.
653 3376 777 3444 negabat
802 3391 831 3430 se
857 3377 1003 3430 conatibus
1028 3374 1088 3430 fore
1110 3374 1171 3431 ido·

159 3462 241 3501 neum
257 3447 292 3502 P.
338 3453 372 3502 25
390 3447 421 3501 in
439 3463 508 3516 quos
528 3447 562 3502 P.
612 3452 647 3502 26
665 3445 785 3502 militiae
803 3445 847 3501 ius
865 3448 901 3502 A.
929 3445 1033 3502 militia
1049 3446 1093 3500 111
1113 3445 1172 3502 cius

160 3518 296 3573 eiusmodi
309 3517 435 3574 restituti
445 3518 477 3574 T.
514 3523 548 3573 2⁷
563 3518 744 3586 exaequanda
751 3519 781 3574 T.
801 3517 839 3572 sit
852 3534 903 3574 om.
913 3518 946 3574 P.
984 3524 1018 3573 28
1037 3518 1172 3587 erigenda
