2648 3922
543 209 758 266 PRAEFATIO.
1051 209 1157 264 XXVII

181 373 214 437 V.
240 403 282 425 =
309 371 435 437 Codex
457 371 775 436 Vindobonensis
801 371 878 455 150,
906 372 985 436 olim
1007 371 1156 437 Univers.

308 461 373 526 863
401 459 486 544 apud
514 459 743 524 Endlicherum
772 457 829 526 Nr.
851 458 996 543 CXCVI,
1023 459 1157 525 membr.

307 569 389 613 saec.
408 547 504 632 XIII,
530 550 558 612 si
585 546 681 612 fidem
703 547 899 612 Endlichero
922 548 1042 612 habere
1065 547 1156 631 ilcet3

308 636 337 699 is
360 635 469 719 codex,
493 637 549 719 qui
572 636 676 700 solam
699 635 840 719 primam
857 634 1003 699 Dindimi
1026 657 1157 718 respon·

308 724 432 788 sionem
450 724 605 808 continet,
626 745 822 808 quamquam
841 745 858 787 e
876 723 962 788 bono
982 723 1156 807 archetypo

307 811 486 895 descriptus
514 814 579 893 est,
606 815 716 875 tamen
744 815 870 876 textum
898 811 1009 875 multis
1032 811 1156 876 librarii

307 899 612 984 interpolationibus
634 898 800 964 foedatum
823 899 962 964 exhibet

174 987 217 1052 B.
241 1017 283 1040 ==
307 986 440 1052 aditio
459 986 625 1051 Bissaei:
645 986 808 1052 Palladius
828 987 866 1051 de
880 987 1031 1072 gentibus
1045 986 1157 1050 Indiae

309 1079 341 1139 et
359 1075 599 1160 Bragmanibus
623 1079 681 1140 etc.
704 1076 739 1139 in
761 1076 864 1140 lucem
887 1076 1026 1159 protulit
1048 1097 1087 1139 ex
1109 1074 1157 1138 bi-

309 1163 423 1228 blioth.
441 1183 507 1247 reg.
535 1162 706 1228 Edoardus
725 1163 886 1247 Bissaeus,
905 1163 1044 1228 Londini
1064 1163 1157 1228 1688.

307 1250 350 1316 4⁰.
373 1274 404 1334 p.
420 1251 586 1316 85-103.
632 1251 703 1326 Quo
726 1251 811 1315 libro
835 1252 1056 1335 manuscripto
1080 1271 1157 1314 usus

310 1340 353 1403 sit
375 1339 542 1423 Bissaeus,
569 1341 693 1423 nesci03
722 1338 809 1403 haud
832 1341 943 1426 magni
967 1339 1062 1423 pretii
1084 1360 1156 1403 eum

308 1426 409 1492 fuisse
431 1427 527 1492 facile
548 1427 653 1510 quivis
676 1427 853 1511 intelleget,
877 1429 931 1511 qui
948 1448 1069 1511 paucas
1093 1426 1158 1490 edi-

307 1516 406 1580 tionis
429 1514 556 1579 Bissaei
579 1516 716 1599 paginas
739 1515 864 1600 legerit.

174 1603 216 1668 R.
240 1633 281 1655 =
305 1602 436 1667 adicio
466 1602 647 1669 Frobeni:
676 1601 712 1667 B.
740 1601 847 1666 Flacci
873 1600 986 1666 Albini
1015 1622 1071 1664 seu
1100 1600 1155 1663 Al·

308 1690 394 1755 cuini
418 1689 524 1774 Opera
547 1691 657 1755 omnia
680 1689 726 1754 ed.
750 1689 886 1773 Froben,
909 1689 1022 1754 Abbas
1046 1686 1157 1752 Sancti

307 1777 495 1843 Emmerani
533 1777 793 1844 Ratisbonensis.
855 1777 1023 1842 Ratisbon.
1062 1776 1157 1858 1770,

308 1867 398 1932 Tom.
421 1865 469 1950 Il,
491 1890 522 1951 p.
541 1867 604 1931 597
621 1889 668 1950 sq.
693 1896 735 1920 =
764 1865 888 1950 Migne,
915 1865 1037 1929 Patrol.
1065 1863 1157 1928 Tom.

310 1956 388 2036 101,
417 1977 447 2038 p.
468 1953 552 2019 1359
573 1976 619 2038 sq.
666 1953 782 2018 Codice
810 1976 887 2018 usus
915 1957 964 2017 est
990 1951 1157 2017 Frobenus

308 2042 542 2107 Millstadtensi
565 2063 665 2125 eoque
689 2043 826 2125 optim03
849 2062 943 2125 quem
963 2062 1158 2125 quamquam

309 2131 379 2214 ipse
411 2152 474 2195 non
501 2130 568 2196 vidi
596 2166 641 2177 -
670 2152 708 2194 ae
738 2152 779 2193 ne
809 2130 877 2194 scio
907 2130 1051 2213 quidem,
1080 2150 1158 2192 num

309 2220 492 2284 etiamnunc
514 2219 549 2282 in
572 2217 691 2301 oppido
712 2216 871 2282 Millstadt
893 2217 1031 2282 exsistat
1049 2253 1091 2264 —
1109 2219 1158 2280 ta·

309 2329 384 2459 qnen
401 2307 580 2459 pqrmqltas
600 2308 668 2370 eius
686 2306 841 2408 lectiones
857 2305 1005 2457 pptimas
1030 2326 1068 2454 qr
1089 2303 1157 2456 ¹qlli—

325 2416 398 2459 1one
457 2417 494 2460 ro
519 2415 634 2459 amana
666 2415 803 2478 cognom
838 2415 935 2477 aque
968 2414 1003 2456 m
1050 2413 1088 2455 ex
1127 2413 1157 2454 m

310 2483 425 2567 recepi
484 2483 644 2547 Attribuit
683 2481 817 2546 editioni
853 2480 1073 2546 Frobenianae
1110 2479 1159 2542 vir

250 2649 252 2653 ,
309 2571 423 2636 doetus
455 2569 610 2634 Rieberer
643 2570 767 2653 aliquot
802 2568 1040 2633 emendationes
1072 2565 1158 2630 haud

310 2657 518 2743 spernendas,
541 2679 619 2742 quas
644 2679 701 2722 suo
724 2658 796 2722 loco
821 2655 1080 2722 commemoravi.

240 2762 278 2826 In
302 2763 410 2828 codice
429 2762 659 2828 Millstadtensi
679 2762 854 2846 subscripti
878 2766 954 2826 sunt
975 2761 1011 2825 hi
1033 2782 1159 2826 versus:

220 2883 294 2939 Gens
311 2883 467 2953 bragmana
486 2883 598 2952 quidem
617 2882 696 2938 miris
715 2900 786 2952 quae
805 2882 929 2937 moribus
948 2883 1026 2938 extat

276 2969 330 3024 Hic
347 2969 464 3039 legitur,
483 2971 571 3026 lector
589 2973 682 3026 mente
700 2971 784 3025 fidem
802 2969 906 3026 videat.

223 3057 275 3114 Hic
293 3057 374 3112 Pauli
393 3058 422 3112 et
440 3059 561 3114 Senecae
580 3059 703 3114 breviter
720 3076 855 3127 responsa
872 3059 1017 3129 leguntur,

257 3145 401 3212 Quaenam
420 3146 531 3202 notavit
548 3147 660 3202 nomine
679 3146 796 3215 quisque
816 3162 880 3212 su03

222 3233 300 3301 Quae
319 3235 384 3304 tibi,
403 3234 518 3304 Magne,
538 3236 621 3290 decus
640 3236 750 3303 mundi,
769 3236 798 3288 et
817 3231 970 3288 clarissime
991 3229 1105 3299 Caesar,

135 3385 138 3390 ‚
256 3321 374 3376 Albinus
392 3320 482 3390 misit,
502 3339 616 3376 munera
634 3314 733 3392 parva,
752 3323 825 3375 tuus.

239 3448 375 3513 Miserat
399 3448 501 3532 igitur
523 3448 680 3512 Alcuinus
705 3446 819 3512 Oarolo
844 3445 965 3531 Magno
994 3446 1159 3529 epistolas,

147 3558 231 3622 quas
255 3541 288 3601 et
313 3537 498 3601 Alexander
516 3535 750 3619 Dindimusque
774 3538 807 3598 et
830 3531 952 3599 Seneca
975 3533 1160 3618 Paulusque
