2648 3924
475 205 592 262 ACTUS
611 204 836 262 ALEXANDRI.
1107 205 1150 270 95

140 393 231 457 spem
259 374 448 454 metumque
476 369 583 433 animo
611 369 787 452 volutaret,
816 390 893 435 casu
923 369 1081 434 eiusmodi
1110 369 1151 433 ad

137 462 295 526 maiorem
323 457 529 522 formidinem
557 457 772 522 confirmatur.
818 457 916 524 Forte
943 458 979 521 in
1006 458 1151 523 conclavi

138 570 190 630 eo,
213 549 248 612 in
278 567 342 631 quo
372 551 449 610 tunc
479 568 535 611 rex
563 547 698 630 agebat,
727 545 836 630 imago
866 546 1024 631 quaedam
1050 547 1152 612 Xerxi

141 636 313 702 sublimius
335 635 458 718 posita,
484 635 536 698 vel
560 634 601 699 ob
627 633 817 699 memoriam
845 636 1003 700 maiorum
1030 635 1084 700 vel
1112 635 1151 700 de

137 726 285 811 picturae
317 724 425 810 gratia
457 721 656 806 spectabilis,
683 721 784 788 Dario
814 723 1040 806 acceptissima
1073 730 1180 789 11111

137 813 188 879 111
220 817 352 896 repente
385 811 557 876 fatiscente
588 814 759 894 compactu
788 812 929 896 procidit
961 811 1152 897 dissilitque.

137 901 175 966 Id
193 901 324 985 Darius,
346 903 384 965 ut
406 921 458 965 res
483 903 561 984 erat,
585 900 770 964 coniectans
790 901 897 966 animo
917 902 1150 967 macerabatur.

138 990 315 1055 Enimvero
346 987 533 1053 Alexander
565 1009 659 1053 omne
691 989 878 1060 intersitum
911 991 1053 1074 spatium
1085 990 1151 1054 iam

139 1101 270 1144 mensus
294 1078 351 1142 ubi
374 1077 414 1141 ad
439 1076 612 1162 Strangam
636 1075 772 1141 fluvium
796 1079 945 1161 accessit,
967 1083 1058 1144 ratus
1082 1079 1152 1144 fore

139 1168 189 1233 uti
212 1189 285 1232 eum
303 1167 438 1251 pariter,
461 1168 498 1229 ut
517 1168 660 1244 venerat,
682 1166 855 1249 perviaret,
879 1189 996 1252 equum
1016 1189 1152 1252 quoque,
1167 1186 1194 1226 11

140 1277 203 1341 quo
215 1254 402 1335 vehebatur,
417 1254 558 1339 impellit
566 1254 727 1338 primitias
742 1256 979 1341 congelationis
993 1257 1152 1322 invadere.

141 1343 203 1410 Sed
227 1366 323 1408 exesa
345 1343 497 1408 videlicet
515 1345 566 1407 vel
591 1343 698 1407 soluta
716 1365 813 1427 super
831 1346 921 1410 omni
940 1345 1153 1410 crassitudine

140 1455 177 1498 ac
206 1434 283 1518 gelu
314 1433 413 1496 cessit
443 1432 590 1516 aequoris
618 1430 717 1495 facies
745 1432 785 1496 ad
813 1433 938 1516 pondus
969 1434 1154 1516 equitantis.

141 1521 278 1606 Utrique
293 1521 397 1607 igitur
415 1523 608 1584 cernuant'es
627 1521 661 1582 in
678 1520 873 1602 profundum
887 1522 1028 1587 fluminis
1047 1526 1153 1587 ruunt.

142 1609 204 1676 Sed
228 1611 314 1675 enim
338 1629 457 1694 equum
480 1629 598 1693 agmen
619 1609 755 1673 violenti
777 1609 917 1694 gurgitis
935 1631 1067 1693 pessum
1090 1614 1194 1676 tra-1⁵

143 1702 232 1763 ctum
260 1700 434 1780 averterat3
465 1718 520 1761 rex
550 1718 627 1761 1111
657 1700 772 1762 natatu
802 1720 900 1783 quam
930 1700 1154 1764 valentissimo

144 1807 294 1851 emensus
312 1786 491 1870 periculum
515 1785 649 1850 alterius
668 1786 759 1870 ripae
781 1787 847 1852 iam
865 1788 1059 1872 potiebatur,
1082 1809 1155 1853 cum

144 1875 269 1939 eminus
301 1875 390 1939 uidet
422 1876 588 1939 insecutos
628 1895 697 1940 sese
725 1874 842 1941 Persas
879 1877 945 1942 iam
978 1877 1066 1942 litori
1103 1876 1156 1941 ad-

76 1971 78 1976 '
142 1963 284 2047 venisse,
313 1963 436 2028 frustra
464 1963 597 2028 habitos
628 1983 684 2047 spe
714 1967 954 2050 transgressus,
985 1965 1156 2051 desperata

143 2051 242 2117 etiam
262 2051 562 2136 comprehensione,
583 2051 702 2116 reditui
723 2054 916 2135 consultare,
940 2057 1058 2139 quippe
1083 2077 1155 2120 cum
1170 2073 1196 2114 so

145 2140 262 2206 Persae
290 2163 357 2206 non
385 2141 481 2205 modo
510 2139 552 2205 ad
573 2143 704 2206 natatus
729 2141 915 2207 huiusmodi
945 2144 1061 2207 audere
1089 2165 1156 2207 non

144 2230 283 2313 soleant,
311 2229 367 2294 sed
395 2251 435 2293 ne
462 2229 645 2314 navigabile
673 2229 802 2314 quidem
829 2230 871 2294 ob
899 2231 1035 2295 nimiam
1062 2231 1156 2296 vehe-

143 2319 300 2383 mentiam
323 2318 444 2383 flumen
469 2317 531 2383 hoc
559 2317 712 2382 habeant.
758 2316 865 2402 Igitur
888 2321 1032 2403 stupenti
1054 2318 1156 2384 Dario

144 2406 394 2491 demirantique,
427 2428 510 2491 quae
540 2410 634 2492 gesta
659 2409 749 2488 sunt,
781 2428 909 2472 cassum
936 2408 1082 2472 laborem
1108 2429 1156 2472 re·

142 2494 253 2559 ferunt
279 2495 489 2561 insecutores.
534 2494 719 2559 Alexander
741 2517 818 2560 1111
846 2514 959 2560 menso
988 2496 1080 2560 alveo
1109 2496 1155 2560 of·
1170 2515 1197 2556 11

143 2582 249 2648 fendit
265 2583 450 2667 Eumelum,
472 2604 569 2666 quem
591 2605 656 2648 una
680 2605 753 2648 cum
776 2584 867 2668 equis
889 2584 1013 2649 duobus
1036 2583 1156 2650 ibidem

144 2672 208 2736 sibi
230 2672 460 2737 subsidiarium
480 2671 702 2755 dereliquerat.
748 2671 831 2736 Tum
854 2673 902 2737 illi
925 2676 958 2738 et
976 2677 1087 2759 gestae
1109 2674 1158 2738 rei

143 2760 261 2825 seriem
285 2760 436 2845 explicat,
459 2764 492 2825 et
515 2759 570 2824 ubi
594 2760 634 2825 ad
654 2760 830 2826 exercitum
853 2762 946 2844 redit,
965 2763 1060 2828 duces
1080 2785 1158 2848 quo-

145 2869 206 2932 que
227 2849 332 2914 laetos
351 2849 439 2914 facto
460 2849 645 2934 participat.
684 2847 823 2916 Omnem
844 2852 1020 2917 exercitum
1042 2853 1104 2917 sibi
1141 2856 1215 2912 XVI.

144 2937 211 3002 iam
234 2937 363 3022 iamque
387 2938 501 3002 adesse
519 2937 714 3003 instructum
737 2940 835 3004 armis
858 2939 958 3006 iubet.
1000 2940 1062 3017 oui
1085 2962 1156 3005 cum
1172 2969 1199 3008 11

145 3026 250 3090 omnis
275 3026 310 3091 111
330 3029 460 3092 11111111
475 3030 512 3092 ,11
529 3027 648 3111 viginti
668 3027 801 3094 milibus
820 3032 1053 3111 numeraretur,
1076 3027 1157 3106 ‘Na’

144 3113 261 3198 inquit,
284 3113 336 3179 ‘ne
361 3115 405 3180 sit
427 3116 520 3180 vobis
545 3115 676 3202 aliquid,
698 3117 827 3200 milites,
850 3118 936 3201 qucd
956 3117 1158 3182 cunctemini.

238 3363 252 3412 1
272 3359 367 3414 animo
388 3361 422 3416 P.
448 3358 573 3414 animum
593 3359 652 3414 Mr.
730 3365 745 3414 5
766 3359 929 3430 spectabilis
947 3359 1033 3416 Dario
1051 3361 1159 3430 scripsi.

144 3427 233 3485 Dario
253 3429 418 3500 spectabilis
433 3431 468 3485 P.
506 3434 540 3483 14
557 3427 676 3500 Utrique
692 3432 750 3487 Mr.
769 3432 886 3501 uterque
902 3431 936 3486 P.
975 3438 1007 3486 18
1027 3448 1087 3487 1111
1101 3432 1159 3488 Mr.

146 3515 207 3555 esse
227 3501 261 3555 P.
317 3507 352 3556 26
370 3500 556 3556 Eumedmum
575 3501 607 3558 P.
658 3506 691 3556 2⁷
711 3501 901 3570 dereliquerat
919 3504 1038 3576 Boysen,
1057 3504 1159 3558 Philol.

146 3575 222 3626 1883
237 3588 269 3640 p.
284 3575 345 3628 308.
366 3572 544 3641 delinquerat
559 3570 592 3626 P.
613 3573 770 3642 deliquerat
785 3575 842 3629 Mr.
880 3581 918 3670 ³¹.
933 3573 976 3669 lle
996 3576 1055 3630 Mr.
1075 3591 1111 3668 ep
1126 3574 1159 3628 P.
