2648 3922
543 198 759 256 palasano.
1118 203 1183 280 ιιι,

146 364 211 429 338
231 362 434 429 consulatum
453 364 608 447 adeptum
626 383 706 443 esse,
724 364 803 428 haec
822 365 939 446 omnia,
960 386 1156 452 quamquam
1278 364 1281 369 ’

148 449 233 517 belle
252 455 438 537 excogitata
461 459 545 536 sunt,
569 456 680 517 tamen
699 453 753 536 vgix
778 452 878 538 digna
897 453 1057 537 videntur,
1079 459 1157 541 quai

150 546 451 607 commemorentur.
489 539 589 606 Nullo
609 541 695 606 enim
715 546 909 626 argumento
927 543 1090 626 nituntur,
1107 546 1159 611 nis

145 627 264 694 codicis
279 630 489 695 Taurinsnsis
508 630 747 714 subscriptione
761 630 836 694 libri
855 631 987 694 secundi
1002 651 1021 694 a
1035 631 1156 699 Grione

12 741 13 744 ¹
144 719 228 784 falso
258 719 305 782 ite
336 719 435 784 lecta:
467 718 544 784 Iulii
575 717 698 782 Valerii
729 715 970 806 Alexandri(ni)
1001 717 1156 810 V(alerii)
1199 742 1202 746 ’

145 804 360 894 C(onstantii)
380 804 535 894 L(iberti)
554 803 679 872 Polemi
697 806 874 872 Alexandri
893 806 1079 873 Macedonis
1097 815 1157 878 etc.

233 894 368 962 Maioris
397 897 553 961 momenti
581 917 619 960 ea
647 900 735 980 sunt,
766 917 847 981 quae
874 894 1088 981 Landgrafius
1118 900 1157 964 de

12 1015 17 1022 ·
143 983 220 1048 Iulii
240 983 363 1048 Valerii
385 1005 446 1049 usu
470 984 597 1050 dicendi
619 985 782 1069 disseruit,
805 988 843 1049 ut
864 1007 940 1049 eum
964 985 1155 1053 Africanum

145 1069 244 1137 fuisse
275 1074 468 1139 ostenderet.
521 1071 624 1149 Quam
656 1074 843 1156 opinionem
875 1074 939 1138 etsi
971 1075 1045 1139 aliis
1077 1077 1155 1142 viris

144 1161 248 1226 doctis
266 1161 420 1245 probauit
443 1167 476 1227 et
496 1181 610 1226 revera
628 1161 691 1227 hoe
709 1164 743 1226 in
762 1164 934 1246 propatulo
954 1167 1011 1248 est,
1034 1163 1155 1230 Iulium

144 1249 312 1315 Vulerlum
331 1272 397 1315 non
415 1273 454 1315 ex
473 1249 570 1315 Italis
590 1251 761 1316 oriundum
778 1251 887 1336 fuisse,
911 1243 1022 1316 tomen
1045 1258 1155 1319 utrum

142 1338 177 1402 in
194 1339 371 1422 provinciis
391 1339 520 1405 Africae
544 1361 586 1403 an
609 1340 645 1404 in
663 1340 815 1424 Aegypto
839 1359 881 1404 on
903 1341 938 1404 in
956 1339 1037 1405 Asis
1056 1345 1154 1407 natus

143 1427 195 1510 sil„
218 1445 333 1512 parum
357 1432 486 1493 constat
509 1448 546 1492 ae
570 1428 640 1492 solo
665 1427 832 1511 scriptoris
856 1449 1005 1493 sermone
1026 1430 1079 1494 vix
1104 1431 1155 1495 de·
1225 1445 1227 1450 '

141 1514 227 1580 finiri
250 1520 370 1600 potest.

235 1635 370 1704 Codices
377 1690 386 1724 ‚
424 1641 542 1725 quibus
579 1640 613 1704 in
645 1638 768 1704 edendo
802 1639 878 1703 Iulii
912 1637 1035 1706 Valerii
1070 1641 1155 1708 libro

142 1732 258 1810 uterer,
281 1729 362 1792 mihi
386 1729 597 1807 innotuerunt
619 1728 668 1792 hi:

232 1833 266 1919 1)
289 1831 408 1900 Codex
427 1834 627 1917 rescriptas
647 1833 925 1922 laurinensis),
944 1857 1036 1920 quem
1058 1844 1155 1904 antea

141 1921 175 1987 in
198 1923 385 1988 monasterii
409 1921 580 1990 Bobiensis
607 1924 698 1988 libris
722 1923 822 1989 fuisse
845 1923 1006 1989 Amsdeus
1027 1925 1155 2012 Peyron

140 2015 227 2076 recte
255 2013 384 2077 videtur
412 2013 597 2097 suspicatus
631 2035 711 2078 esse.
762 2011 922 2078 Constitit
949 2015 1029 2078 olim
1056 2014 1154 2094 foliis,

13 2105 14 2114 ’
53 2115 55 2122 ’
143 2122 224 2183 quae
243 2101 369 2165 minore
389 2097 548 2185 dicuntur,
571 2101 646 2165 altis
669 2101 932 2185 0,266m.,1aus
954 2103 1021 2167 fere
1044 2104 1096 2187 or
1111 2127 1153 2169 m.

13 2201 15 2222 ¹
139 2183 180 2251 In
201 2188 252 2252 his
275 2189 397 2253 saeculi
416 2190 521 2273 quinti
541 2190 590 2253 vel
610 2191 697 2255 sexti
713 2190 834 2254 litteris
853 2191 1035 2255 uncialibus
1052 2193 1154 2258 codex

143 2271 388 2342 Theodosianus
412 2279 460 2341 ita
480 2279 620 2362 scriptus
644 2283 723 2361 erat,
745 2283 782 2343 ut
804 2279 934 2363 singula
953 2279 1032 2343 folia
1054 2279 1154 2346 unde-

143 2365 368 2450 quadragenos
387 2387 499 2431 versus
519 2367 733 2432 continerent.
771 2365 904 2432 Saeculo
930 2368 1068 2450 septimo
1092 2369 1154 2434 hae
1203 2408 1205 2416 ·

140 2455 303 2538 scriptura
330 2455 447 2519 abrasa
476 2455 651 2540 ablutaque
674 2456 754 2520 folia
781 2456 816 2518 in
844 2457 990 2540 margine
1017 2456 1152 2522 sinistro

26 2569 27 2572 ¹
139 2546 309 2625 amputata
338 2547 434 2627 atque
461 2544 508 2607 ita
536 2544 730 2627 complicata
758 2546 848 2621 sunt,
875 2547 912 2606 ut
938 2544 1076 2629 paginae
1106 2544 1151 2611 di·

138 2631 238 2696 midio
252 2631 394 2696 minores
411 2631 625 2713 efficerentur,
644 2653 741 2716 quam
761 2635 857 2696 antea
871 2631 1008 2715 fuerant,
1025 2633 1153 2716 scilicet

137 2717 224 2784 eltae
240 2721 406 2802 0‚194m.‚
429 2720 515 2784 latae
534 2721 688 2800 0‚133m.
726 2717 851 2785 Deinde
870 2721 975 2803 quinis
994 2722 1046 2785 rel
1065 2724 1151 2788 senis

136 2807 255 2873 horum
269 2807 423 2873 foliorum
442 2809 476 2872 in
496 2809 642 2896 singulos
658 2807 831 2875 fasciculos
850 2809 1029 2875 coniunctis
1047 2833 1151 2878 novus

14 2915 17 2936 ·
137 2891 221 2960 liber
244 2917 317 2961 eom
342 2897 444 2961 ositus
474 2901 524 2962 est
553 2897 585 2960 in
607 2919 710 2982 eoque
734 2893 869 2981 litteris,
893 2921 978 2982 quas
1006 2901 1151 2966 canavas

136 2983 301 3049 Romanas
318 2920 440 3069 dicunt,
462 2984 539 3050 Iulii
552 2984 676 3050 Valerii
700 3009 751 3051 res
775 2990 886 3071 gestae
906 2987 1081 3052 Alexandri
1103 2989 1152 3052 ita

137 3073 279 3156 scriptae
305 3080 398 3156 sunt,
426 3077 464 3138 ut
490 3074 594 3139 lineae
623 3076 802 3159 scripturae
829 3075 1018 3159 posterioris
1044 3077 1150 3140 trans-

14 3183 21 3220 .‘
137 3179 228 3226 verse
252 3168 419 3227 currerent
442 3185 541 3246 supra
564 3161 669 3228 lineas
694 3165 871 3247 scripturae
895 3161 1020 3246 prioris.

229 3356 255 3423 1)
274 3354 402 3425 Egerunt
428 3351 463 3410 de
488 3357 542 3410 hoc
567 3354 664 3410 codice
691 3355 797 3409 Zacher
820 3354 849 3408 in
874 3349 1152 3412 Pseudocallisthene

154 3439 182 3494 p.
195 3429 313 3493 86-41,
329 3423 364 3480 ἸΡ.
383 3425 481 3496 Meyer
499 3423 667 3496 (Alexandra
691 3425 718 3480 le
737 3423 831 3479 Grand
850 3426 920 3478 dans
943 3426 972 3480 le
989 3425 1149 3482 litterature

198 3495 273 3567 coire
292 3511 329 3549 au
347 3510 450 3564 moyen
466 3499 530 3567 ege,
548 3497 587 3563 11,
607 3509 654 3565 pp.
671 3501 705 3549 14
719 3497 779 3564 ιιι),
798 3495 859 3564 ipse
878 3495 908 3549 in
922 3496 1022 3554 nivino
1041 3498 1068 3552 d.
1082 3497 1150 3554 filol.

135 3570 213 3636 1888,
234 3585 282 3637 pp.
297 3571 457 3624 muttit.
