2622 3932
397 208 513 262 PRIMA
532 205 733 262 RESPONSIO
753 205 909 262 DINDIMI.
1094 205 1158 270 179

149 393 270 456 suaque
303 371 401 435 nimis
431 369 644 435 similitudine
674 368 862 434 delectatur.
909 369 995 434 Nam
1025 368 1160 434 verbum

148 463 226 526 deus
255 462 317 540 est,
345 459 408 524 hoc
435 457 589 522 mundum
618 457 753 540 creavit,
779 457 841 522 hoc
869 457 956 543 regit
981 461 1078 542 atque
1101 457 1161 522 alit

149 549 273 632 omnia,
304 546 366 612 hoc
395 569 455 612 nos
486 551 692 630 veneramur,
724 544 786 610 hoc
817 545 997 630 diligimus,
1030 567 1068 610 ex
1097 544 1160 610 hcc

150 637 301 723 spiritum
324 635 498 714 trahimus,
527 634 683 718 siquidem
711 633 779 718 ipse
806 634 883 698 deus
907 634 1039 717 spiritus
1064 637 1160 717 atque

148 747 240 790 mens
269 728 327 789 est.
372 723 481 807 Atque
509 723 581 788 ideo
609 745 674 787 non
702 722 840 787 terrenis
868 722 989 787 divitiis
1016 743 1076 786 nec
1099 723 1188 786 lar-s

151 814 254 899 gitate
278 813 443 894 munifica,
472 811 528 875 sed
557 811 718 895 religiosis
747 811 897 895 operibus
926 813 959 874 et
981 811 1161 894 gratiarum

151 902 277 967 actione
296 901 453 984 placatur.
493 899 697 1000 Quapropter
716 899 853 964 nimium
872 899 1024 964 excordes
1047 921 1105 964 vos
1129 903 1162 964 et

149 989 352 1054 miserabiles
371 988 560 1073 iudicamus,
584 988 639 1071 qui
658 987 817 1072 originem
837 991 980 1052 vestram
1002 1009 1069 1052 non
1093 1009 1161 1051 sus-

150 1079 259 1162 cipitis
292 1098 361 1141 esse
395 1077 569 1141 caelestem
601 1097 817 1160 magnamque
851 1097 923 1140 oum
952 1075 1011 1141 deo
1042 1075 1162 1140 habere

151 1169 271 1251 coguut
272 1166 389 1246 ionem,
414 1165 469 1229 sed
494 1164 697 1265 splendorem
721 1165 849 1248 generis
872 1167 945 1228 vest
946 1164 974 1227 ri
931 1164 1092 1228 trebus
1115 1164 1201 1228 vi·1o

149 1254 282 1318 lissimis
313 1253 474 1318 obfuscat
464 1275 510 1336 rs,
542 1252 661 1336 quippe
692 1253 808 1336 quibus
839 1253 980 1317 maxima
1008 1253 1161 1335 voluptas

149 1343 184 1406 in
208 1363 302 1407 earne
326 1344 383 1406 est.
419 1341 514 1406 Hanc
536 1341 663 1422 fovetis,
681 1340 766 1404 hano
790 1341 907 1424 colitis,
929 1341 1014 1405 hanc
1032 1340 1161 1423 amatis,

151 1432 240 1496 cuius
264 1434 314 1494 est
342 1434 374 1494 et
399 1429 612 1494 contrectatio
636 1430 774 1493 viventis
802 1429 926 1494 incesta
955 1433 987 1492 et
1010 1430 1161 1514 contagio

150 1519 318 1584 morientis
336 1518 507 1599 horrenda,
530 1519 564 1581 in
583 1518 674 1582 cuius
694 1518 806 1582 usibus
826 1519 986 1582 elementa
1004 1524 1163 1582 vexantur

150 1611 183 1672 et
206 1607 344 1672 mundus
368 1605 556 1670 exhibendis
574 1607 702 1671 laborat
725 1606 898 1690 obsequiis.
935 1605 980 1669 Et
1003 1606 1088 1690 quod
1112 1609 1162 1669 est
1177 1627 1202 1667 rs

151 1695 391 1779 vehementius,
419 1695 544 1759 audetis
568 1695 668 1759 etiam
692 1695 784 1758 deum
809 1694 911 1759 eaesis
935 1695 1086 1758 carnibus
1110 1715 1163 1758 ex·

151 1783 241 1868 piare
260 1784 444 1867 cultumque
463 1783 632 1866 religionis
655 1805 722 1846 non
746 1782 811 1866 uni,
835 1783 889 1866 qui
913 1783 1001 1847 solus
1026 1786 1084 1866 est,
1107 1783 1163 1847 sed

150 1871 313 1956 plurimis,
337 1871 391 1954 qui
414 1893 480 1936 non
502 1871 676 1955 habentur,
700 1871 877 1954 exsolvitis,
904 1875 936 1935 et
958 1871 992 1934 in
1015 1870 1078 1936 hoc
1102 1872 1161 1936 sci·

150 1959 226 2023 licet
255 1982 274 2024 a
301 1980 396 2024 carne
425 1959 560 2043 decepti.
605 1959 691 2024 Nam
720 1959 884 2024 hominem
913 1960 1068 2024 mundum
1092 1981 1162 2024 esse

149 2069 286 2131 parvum
312 2047 426 2130 dicitis,
451 2052 483 2113 et
507 2047 590 2112 sicut
613 2047 646 2110 in
670 2069 708 2112 eo
732 2049 949 2131 multiplicata
973 2051 1049 2111 sunt
1066 2071 1163 2112 mem·
1177 2069 1203 2109 so

151 2136 209 2200 bra
233 2135 405 2221 disposita,
433 2137 479 2200 ita
502 2135 608 2201 varios
637 2136 713 2200 deos
736 2136 860 2220 fingitis
890 2137 923 2199 in
949 2137 1036 2200 eaelo
1061 2137 1160 2200 consi·

152 2228 246 2308 stere,
266 2246 402 2308 quorum
422 2225 592 2307 unicuique
613 2223 757 2288 diversas
775 2228 885 2306 partes
898 2224 999 2288 vestri
1018 2225 1162 2306 corporis

151 2312 329 2394 deputatis,
361 2315 394 2375 et
421 2311 600 2376 familiares
636 2311 773 2397 singulis
803 2311 953 2375 victimas
986 2312 1163 2376 immolatis

152 2403 184 2462 et
202 2402 360 2465 vocabula
382 2399 448 2464 illis
473 2399 632 2482 exquisita
655 2399 817 2463 tribuistis
841 2401 1021 2463 asserentes
1044 2399 1162 2463 Miner-

151 2509 225 2552 vam
249 2488 365 2571 capitis
390 2510 497 2553 arcem
516 2492 630 2571 utpote
650 2488 843 2570 sapientiam
863 2491 983 2570 tenere,
1005 2485 1162 2551 lunonem
1177 2509 1203 2550 ss

152 2575 335 2640 iracundiae
357 2577 595 2660 praesidentem
616 2574 803 2659 praecordia
825 2575 1000 2660 possidere,
1023 2574 1161 2639 Martem

241 2786 318 2838 test
336 2801 386 2840 om.
401 2785 436 2839 L.
481 2783 687 2838 tmensemL.
717 2786 823 2840 estem.
839 2785 874 2838 L
907 2784 948 2838 sio
967 2784 1108 2854 quidem
1100 2802 1161 2854 ipse

151 2854 219 2935 deus
239 2853 353 2924 spiritus
373 2857 486 2910 sanetus
510 2872 543 2909 ex
567 2857 647 2924 patre
666 2856 694 2908 et
712 2855 770 2909 filio
789 2855 917 2924 procedit
939 2856 1023 2924 atque
1042 2855 1106 2910 ideo
1129 2856 1160 2912 V.

149 2924 179 2978 in
198 2926 316 2979 terrenis
340 2926 375 2980 Β.
449 2925 626 2997 umunifioa]
649 2941 795 2979 munerum
818 2926 854 2982 Β.
927 2927 1107 2982 8mirabiles
1125 2926 1161 2982 Β.

152 3001 184 3058 10
204 2995 406 3066 cogitationem
424 2997 460 3052 L.
497 2997 592 3065 rebus]
611 2996 712 3065 opibus
730 2996 761 3051 V.
836 3002 869 3050 13
889 2996 968 3052 ouius
988 3001 1031 3052 est
1049 3000 1078 3051 et
1096 3012 1160 3050 oon-

149 3067 282 3121 tractatio
301 3065 422 3122 viventis
445 3066 553 3122 incesta
576 3070 606 3122 et
629 3067 760 3137 contagio
783 3069 928 3123 morientis
952 3068 1091 3122 horrenda
1110 3066 1160 3135 (in-

150 3138 227 3191 cesta
246 3143 271 3192 et
288 3138 458 3193 horrenda
446 3157 477 3193 aa
494 3155 540 3193 rus
541 3139 605 3205 ura)
622 3137 652 3194 V.
691 3139 768 3191 cuius
788 3139 816 3192 et
835 3137 1021 3194 contrectatio
1040 3137 1161 3194 viventis

148 3207 287 3277 (vivendis
311 3208 358 3277 L.)
384 3209 523 3263 horrenda
545 3209 587 3261 est
611 3209 640 3262 et
662 3208 793 3277 contagio
816 3209 962 3262 morientis
986 3209 1092 3262 incesta
1115 3214 1161 3263 cet.

151 3283 185 3331 14
204 3279 390 3334 elementaB.
411 3280 599 3334 emolumenta
609 3284 655 3332 cet.
703 3285 735 3332 17
756 3279 830 3332 solus
850 3281 893 3333 est
911 3280 979 3335 deus
988 3278 1020 3333 V.
1067 3283 1101 3333 20
1121 3280 1161 3333 di-

150 3347 213 3402 citis
236 3349 310 3403 V..B
339 3349 457 3405 dicimus
476 3348 593 3404 L.P..R
631 3354 662 3402 21
684 3348 752 3402 item
772 3349 842 3403 alios
861 3350 897 3405 Β.
934 3355 968 3404 22
988 3349 1111 3404 diversas
1130 3350 1165 3406 L.

152 3417 258 3473 divisas
281 3426 329 3475 eet.
401 3427 435 3474 23
455 3419 612 3501 deputastis
634 3419 669 3474 Β.
706 3419 860 3474 familiares
884 3420 921 3474 Β.
948 3419 1106 3476 familiariis
1130 3421 1164 3476 L.

151 3489 319 3545 familiarius
335 3497 382 3546 eet.
410 3490 575 3547 victimisL.
604 3489 745 3545 immolast
746 3489 832 3546 iens
856 3495 891 3545 24
909 3490 996 3546 illiL.
1034 3498 1068 3546 26
1087 3509 1165 3563 prae·

152 3558 242 3616 sidem
261 3561 297 3616 Β.
325 3562 482 3633 possidere]
501 3564 595 3616 tenere
613 3561 649 3616 Β.

952 3652 1005 3706 12*
