2648 3924
463 235 579 291 Acrus
597 235 821 294 Anuxxunm.
1056 210 1059 215 ’
1097 238 1137 301 77

129 399 302 482 distulerit,
324 398 421 483 idque
444 399 478 462 in
501 398 552 463 his
571 398 758 482 regionibus
782 398 913 481 factum,
937 421 1017 484 quae
1036 422 1139 485 nuper

130 509 228 574 agere
245 487 369 552 Persae.
389 487 447 551 sub
472 487 595 551 dicione
619 487 817 552 videbantur.
858 487 1034 554 Enimvero
1058 489 1138 574 ipsis

128 577 293 660 indigenis
312 575 344 639 id
363 575 550 660 petentibus
570 597 607 639 ac
627 576 881 660 deprecantibus,
900 577 955 661 qui
974 600 1046 643 eum
1065 577 1139 642 Ale-

126 664 249 729 xandro
273 663 353 728 belli
375 664 541 729 fortunam
565 664 672 728 subire
697 663 890 749 deligerent,
918 665 976 730 ille
998 665 1139 730 Alexan-

125 753 191 837 der,
214 753 280 836 ille,
299 753 440 835 inquam,
460 774 554 836 quem
573 775 631 817 vos
651 756 757 817 mente
776 758 906 837 captum
926 757 960 818 et
976 755 1163 837 percitums

125 841 312 924 nominatis,
334 841 397 906 hac
416 841 597 924 Aegyptios
617 842 764 905 oratione
784 843 982 926 compressit,
1006 865 1069 926 qua
1092 843 1139 907 di-

127 933 215 994 ceret
237 929 356 994 idcirco
381 950 415 993 se
437 929 503 994 illis
525 932 650 993 tantam
674 929 839 994 civitatem
865 931 1042 1015 urbemque
1065 952 1139 996 con-

127 1017 260 1101 didisse,
287 1020 325 1082 ut
352 1017 432 1101 ipsis
462 1018 685 1083 exercentibus
708 1022 828 1082 terram
854 1022 886 1083 et
909 1020 1011 1102 quieti
1033 1019 1139 1083 indul-

127 1107 278 1192 gentibus
326 1128 363 1171 ac
404 1105 549 1170 remissis
599 1106 654 1169 ille
697 1128 756 1190 pro
797 1107 957 1172 universis
1000 1108 1139 1172 subditis

127 1195 293 1260 militaret.
1153 1220 1179 1259 ιο

219 1281 274 1348 15.
307 1282 446 1348 Perfecit
464 1283 566 1368 igitur
585 1282 704 1366 partim
723 1283 949 1367 experimentis
973 1287 1006 1349 et
1029 1289 1201 1349 osten-19.
1238 1362 1243 1370 Ι

106 1373 251 1437 tatione
281 1371 413 1436 virtutis
451 1372 572 1454 partim
609 1371 735 1435 ratione
767 1364 889 1455 pariter
921 1376 954 1437 et
992 1373 1139 1437 oratione

129 1460 289 1544 prudenti,
314 1463 438 1524 utnon
462 1459 566 1523 solum
585 1480 698 1543 parere
722 1460 752 1522 ei
774 1460 950 1524 libentibus
970 1461 1013 1525 sit
1031 1460 1138 1545 Aegy·

129 1549 218 1634 ptiis,
241 1570 352 1613 verum
378 1548 476 1612 etiam
500 1548 540 1611 ad
565 1569 602 1611 ea
625 1546 806 1631 pendenda,
830 1569 1049 1634 quaecumque
1073 1551 1139 1614 sint

8 1657 10 1663 ’
128 1637 261 1720 regibus
283 1637 479 1720 necessaria,
506 1635 619 1700 faciles
648 1636 773 1700 animos
801 1636 943 1701 habeant
971 1640 1003 1701 et
1025 1638 1180 1702 volun-15

128 1729 241 1790 tatem.
286 1723 402 1790 Videte
426 1725 578 1808 denique,
606 1746 688 1809 quae
712 1727 896 1809 quantaque
920 1724 1045 1808 primus
1073 1748 1139 1790 om-

10 1853 12 1860 ·
127 1814 217 1879 nium
242 1813 325 1898 apud
350 1812 537 1897 Aegyptum
561 1813 690 1897 imperii
713 1814 763 1876 sui
786 1812 897 1878 iecerit
919 1814 1138 1878 fundamenta.

129 1903 216 1979 Quot
236 1903 321 1966 enim
341 1903 499 1967 exereitus
518 1901 609 1965 milia
627 1901 705 1966 urbs
728 1902 786 1965 illa
810 1902 896 1967 alere
919 1902 1033 1987 possit,
1054 1902 1140 1968 haud

128 1990 262 2056 dubium
282 1994 341 2075 est,
363 2012 466 2076 neque
489 1990 541 2054 his
565 1989 660 2054 modo
685 1989 866 2073 subiiciens,
891 1990 947 2074 qui
970 1991 1138 2056 moenibus

129 2080 196 2147 suis
220 2082 318 2163 atque
342 2078 466 2165 gremio
489 2082 675 2162 teneantur,
703 2078 758 2143 sed
787 2080 899 2163 procul
928 2080 1027 2144 etiam
1049 2081 1138 2145 labo·
1154 2098 1179 2138 ao

128 2167 276 2232 rantibus
296 2171 329 2232 et
347 2168 578 2233 dimicantibus
597 2167 713 2232 idonea
732 2168 954 2246 sustentatrix,
978 2189 1042 2232 una
1060 2168 1140 2232 viris

128 2278 255 2339 unaque
282 2256 333 2321 his
357 2256 516 2337 omnibus,
541 2277 621 2340 quae
640 2255 708 2320 sint
725 2255 929 2320 multitudini
948 2257 1140 2340 necessaria,

128 2345 265 2428 opulens
294 2347 326 2409 et
355 2345 539 2427 abundans,
573 2343 678 2408 facilis
708 2343 748 2406 ad
778 2343 1016 2408 oboedientiam
1042 2344 1139 2429 regis,

128 2433 299 2517 prudentia
318 2433 387 2497 eius
406 2433 539 2515 scilieet,
558 2432 614 2515 qui
633 2433 680 2496 sie
697 2431 877 2496 instituerit
891 2431 1139 2517 obsequentium

128 2543 243 2586 mores.
289 2521 488 2585 Alimoniam
516 2521 613 2604 petit:
640 2519 788 2603 protinus
811 2523 934 2602 parent
977 2522 1066 2584 Auro
1090 2521 1139 2584 in·
1154 2539 1179 2579 as

129 2610 232 2695 diget:
261 2613 337 2674 sunt
360 2609 534 2694 vectigalia
556 2609 646 2674 ditia
690 2607 829 2672 Militem
853 2608 993 2692 quaerit:
1023 2608 1139 2672 animis

129 2698 315 2763 volentibus
348 2702 477 2782 praesto
511 2701 595 2761 sunt.
649 2695 694 2760 Et
725 2696 814 2762 hisce
846 2718 906 2761 nos
940 2718 1140 2782 opponemus

128 2787 309 2870 periculum
327 2789 487 2871 nostrum,
511 2785 627 2870 quibus
651 2786 762 2869 utique
783 2807 841 2869 per
861 2785 1064 2851 concordiam
1088 2808 1139 2852 co·

9 2921 17 2936 .
127 2874 234 2959 pulati
254 2876 413 2939 auctiores
439 2895 507 2938 esse
531 2874 815 2958 instructioresque
833 2874 1022 2959 poterimus,
1040 2876 1140 2940 laces·

128 3029 234 3083 famam
257 3030 293 3084 A.
331 3031 465 3098 quantum
491 3030 542 3084 sub
565 3029 642 3085 omni
661 3031 726 3086 orbe
749 3032 887 3085 terrarum
908 3030 988 3084 nulla
1009 3031 1085 3085 fama
1104 3030 1138 3084 P.

128 3099 288 3154 edictione
298 3100 333 3156 A.
358 3101 499 3156 enimvero
509 3100 545 3154 A.
570 3101 641 3155 enim
653 3102 686 3156 P.
730 3100 917 3171 ediligerent
928 3101 962 3157 P.
1007 3099 1137 3154 6hacP.

128 3169 200 3225 haec
218 3171 254 3226 A.
273 3170 320 3225 hic
338 3178 366 3227 1.
399 3188 455 3239 qua
473 3172 509 3227 A.
529 3172 604 3239 quod
624 3171 658 3226 P.
679 3171 727 3239 qui
744 3178 772 3227 2.

201 3241 249 3296 15.
271 3247 303 3295 11
318 3242 440 3297 Profecit
449 3242 482 3296 P.
513 3248 545 3296 13
559 3243 691 3310 prudenti
700 3242 734 3294 P.
748 3241 913 3311 prudentiae
922 3242 957 3295 A.
973 3242 1140 3310 deparerer.

129 3311 157 3366 ei
174 3312 328 3367 libentibus
338 3313 374 3367 A.
399 3315 428 3366 et
441 3312 575 3368 libentius
587 3313 620 3366 P.
659 3317 692 3366 16
711 3311 804 3366 videte
813 3319 840 3364 1.
864 3311 1044 3368 videntA.P.
1068 3328 1139 3380 quae

130 3387 290 3452 quantaque
305 3390 332 3438 ’1.
341 3385 375 3438 Ρ.
399 3399 471 3453 quae
491 3386 572 3437 tanta
590 3397 661 3450 quae
675 3382 710 3437 A.
794 3389 826 3437 18
846 3385 915 3450 quot
927 3389 955 3436 1.
980 3383 1055 3450 quod
1070 3383 1139 3437 AP.

128 3459 163 3507 22
175 3454 298 3522 ‘unaque
309 3485 342 3494 —
353 3454 508 3508 abundans'
524 3471 574 3508 om.
585 3454 618 3507 P.
640 3452 813 3508 multitudini
829 3454 887 3507 Mr.
910 3453 1090 3507 multitudine
1103 3456 1138 3508 A.

128 3529 164 3577 24
180 3524 464 3595 obsequentiumrP.
481 3523 645 3594 obsequium
652 3526 686 3580 A.
720 3529 754 3578 25
769 3525 943 3579 elimoniaA.
974 3531 1007 3578 27
1022 3525 1138 3580 hiseeA.

128 3595 174 3649 his
193 3596 225 3650 P.
282 3601 315 3650 28
336 3595 472 3666 copulatis
490 3603 517 3652 1,
573 3601 607 3649 29
626 3596 745 3650 actiores
764 3597 796 3649 P.
829 3594 1030 3651 lacessentibus
1049 3602 1076 3650 1.
