2654 3926
179 183 222 248 14
610 182 721 238 LIBER
739 182 760 238 I.

177 345 278 410 fuisse
301 344 515 410 Laomedonti
543 344 699 410 eiusmodi
724 344 957 428 praedicantur.
1003 344 1072 411 Nec
1096 367 1188 411 secus

178 435 325 498 senserat
355 432 513 519 Philipus.
567 430 654 497 Nam
687 435 720 498 et
752 437 825 498 actu
858 433 1002 517 corporis
1036 437 1070 498 εὴ
1102 433 1189 499 linea

176 520 426 605 pulchritudinis
451 521 650 587 movebatur.
697 519 759 586 Sed
787 521 877 586 addit
904 521 1061 607 equitius:
1085 519 1189 588 ‘Haec

178 609 322 694 quidem,
352 631 371 674 o
399 632 472 696 rex,
502 612 577 674 sunt
604 610 640 674 in
668 609 731 675 hoc
759 630 839 694 equo
866 610 963 696 talia;
993 611 1050 674 sed
1080 614 1130 675 est
1160 611 1189 674 ei

151 697 294 762 evitium
307 743 309 746 .
322 699 454 784 beluile,
481 719 619 782 namque
646 696 796 763 homines
824 697 892 762 edit
920 701 953 763 et
978 697 1012 763 in
1040 698 1189 764 huiusce-

177 785 264 852 modi
287 787 443 870 pabulum
466 784 591 851 saevit'
636 784 682 851 Et
709 784 823 869 ‘Hem'
851 807 907 851 rex
931 787 990 870 ait,
1018 785 1190 852 ‘numnam

170 873 258 939 illud
271 875 305 940 in
321 875 384 940 isto
399 875 608 959 proverbium
623 877 683 957 est,
701 873 787 960 quod
802 895 929 958 semper
943 879 1078 960 propter
1091 875 1188 940 rebus

176 963 270 1028 bonis
295 963 455 1029 deteriora
482 961 710 1028 conlimitant?
755 961 932 1028 Enimvero
957 963 1113 1048 quoniam
1136 963 1188 1028 de·
1307 1001 1317 1028 ι

176 1051 293 1116 ductus
313 1053 421 1133 semel,
438 1050 546 1116 claudi
564 1071 637 1114 eum
657 1052 754 1134 atque
774 1050 818 1114 ali
837 1051 1004 1135 curabitis,
1022 1053 1082 1116 sub
1101 1051 1189 1117 clau-

137 1161 163 1201 10
178 1139 253 1204 stris
278 1140 404 1205 scilicet
430 1139 648 1223 praeferretis.
694 1137 836 1224 Quisque
864 1139 949 1204 enim
978 1140 1189 1206 subcubuerit

175 1226 305 1311 legibus
333 1227 548 1312 tristioribus,
575 1226 800 1292 huiuscemodi
827 1228 943 1293 melius
971 1228 1189 1294 obiectabitur

175 1313 342 1379 lanienae!
387 1314 433 1381 Et
459 1317 539 1381 haec
567 1314 699 1400 quidem
725 1337 794 1400 rex,
822 1320 856 1380 et
884 1338 957 1382 cum
985 1317 1071 1382 dieto
1099 1317 1188 1381 iussa

176 1403 388 1487 complentur.

266 1489 328 1557 Sed
347 1491 472 1558 interea
486 1490 671 1558 Alexander
688 1494 754 1558 iam
774 1515 894 1558 annum
910 1492 1133 1557 duodecimum
1169 1497 1244 1556 er.

135 1601 161 1642 15
176 1579 342 1663 adpellens
365 1584 404 1646 et
432 1602 540 1648 comes
567 1582 655 1666 patri
677 1581 777 1646 fiebat
805 1585 839 1645 et
865 1604 926 1647 usu
954 1602 1117 1646 armorum
1140 1580 1187 1646 in-

176 1668 230 1732 dui
253 1669 484 1751 meditabatur,
512 1669 673 1752 simulque
702 1690 775 1734 cum
799 1669 992 1734 exercitibus
1020 1669 1081 1734 visi
1109 1690 1186 1754 gau·

175 1756 273 1821 debat
303 1761 336 1820 εὴ
366 1758 457 1840 equis
487 1757 633 1820 insiliens
664 1758 697 1819 et
725 1755 851 1840 reliqua
882 1758 993 1821 omnia
1023 1759 1118 1823 miles
1151 1762 1189 1823 ut
1302 1817 1317 1848 a

174 1846 314 1926 poterat,
334 1843 414 1908 adeo
433 1846 470 1907 ut
488 1841 658 1926 Philippus
676 1842 757 1908 haec
776 1842 937 1908 demirans
957 1845 1003 1908 sic
1022 1845 1062 1908 ad
1081 1845 1186 1910 illum:
1316 1859 1317 1870 ¹

175 1929 214 1995 ‘0
234 1951 323 2015 puer,
347 1951 426 1995 aveo
446 1930 573 2015 quidem
594 1932 627 1994 et
645 1931 736 1996 vultu
755 1930 864 1996 fruens
888 1934 922 1995 εὴ
943 1931 1088 1996 moribus
1112 1933 1187 2014 tuis,

133 2042 160 2082 so
175 2039 350 2102 eorumque
381 2018 468 2083 aliud
496 2017 577 2083 duco
608 2019 647 2082 ad
677 2018 921 2084 similitudinem
948 2019 1067 2103 nostri,
1098 2021 1186 2085 aliud

173 2128 250 2171 vero
270 2107 404 2190 auctius,
428 2129 526 2191 quam
549 2110 586 2171 ut
606 2107 649 2171 sit
668 2129 706 2171 ex
724 2109 837 2173 nostra
855 2109 982 2172 natura.
1020 2105 1082 2173 Sed
1101 2129 1186 2174 nunc

174 2195 255 2259 mihi
279 2196 319 2260 ad
341 2195 524 2279 proximam
547 2217 648 2281 usque
670 2195 734 2260 iter
756 2199 806 2260 est
829 2193 1017 2260 civitatem?

264 2282 298 2349 8.
327 2283 420 2360 Quod
445 2283 566 2348 dietum
591 2305 662 2349 cum
683 2282 850 2369 Olympias
875 2283 973 2349 etiam
996 2290 1187 2370 usurpasset

173 2371 402 2456 profectusque
431 2372 602 2458 Philippus
630 2372 715 2438 foret
741 2394 808 2439 non
836 2373 937 2438 simili
967 2372 1095 2439 adfectu
1122 2397 1185 2459 quo

133 2461 304 2546 assolitus,
326 2459 552 2528 Nectanabum
574 2463 724 2546 protinus
746 2462 864 2547 repetit
888 2483 1023 2548 eumque
1047 2463 1186 2529 consulit

174 2571 271 2635 super
290 2550 492 2620 clandestino
516 2550 624 2616 mariti
647 2549 793 2615 consilio.
835 2549 994 2626 Quicum
1018 2551 1185 2616 adsidente

174 2638 236 2703 sibi
259 2640 445 2706 Alexandro
474 2661 511 2703 ex
540 2641 608 2703 arte
636 2638 693 2702 illa
721 2638 840 2703 astrica
863 2638 1059 2722 loqueretur,
1085 2640 1185 2703 inter-

172 2727 276 2810 pellat
299 2748 380 2810 puer
402 2729 436 2791 et
459 2726 561 2790 ‘fleus
584 2723 641 2810 tu,'
664 2726 780 2810 inquit,
803 2724 948 2810 istosne,
971 2748 1051 2810 quas
1074 2726 1184 2791 stellas

264 2894 478 2967 lpraedicatur
499 2896 532 2952 P.
609 2899 690 2954 lest
708 2899 735 2954 ei
754 2899 789 2954 P.
817 2903 847 2954 et
867 2900 899 2955 Τ.
980 2904 1134 2967 suamque
1152 2900 1186 2953 ut
1300 2911 1314 2940 ¹·

174 2967 300 3024 homines
319 2966 406 3034 videt,
425 2966 455 3021 in
473 2967 644 3023 eiuscemodi
662 2971 797 3038 pabulum
817 2971 907 3025 saevit
927 2969 959 3024 Τ.
996 2975 1012 3024 6
1031 2969 1068 3022 Et
1085 2985 1136 3024 om.
1152 2969 1184 3024 Τ.

173 3058 240 3094 num
261 3039 292 3092 Τ.
354 3037 570 3093 8conlimitant
589 3039 620 3094 T.
649 3042 824 3097 commutant
841 3041 875 3096 P.
941 3040 1062 3094 9semel
1080 3055 1131 3095 om.
1151 3040 1182 3095 P.

174 3110 250 3165 alere
268 3108 300 3164 P.
335 3108 445 3164 curavit
464 3107 495 3163 Τ.
529 3109 580 3163 sub
599 3117 626 3163 Τ.
653 3111 703 3165 sed
723 3111 756 3167 P.
853 3117 887 3165 10
906 3111 929 3164 si
947 3111 1009 3178 quis
1027 3109 1102 3165 euim
1121 3111 1184 3165 sub

174 3180 301 3236 cubuerit
319 3178 431 3251 legibus
450 3178 635 3248 tristioribus,
659 3181 776 3237 huiusce
798 3181 839 3237 rei
862 3182 962 3236 melius
987 3180 1143 3236 oblectabit
1159 3179 1184 3236 is

173 3252 280 3307 lanium
301 3251 333 3305 T.
362 3249 550 3306 obiectabitur
568 3252 660 3306 laniae
679 3259 706 3309 T.
773 3257 805 3308 15
824 3253 857 3306 fit
877 3252 907 3307 T.
935 3252 985 3308 liet
1002 3258 1029 3305 τ.
1096 3257 1129 3306 16
1148 3250 1183 3305 si-

172 3322 288 3391 mulque
302 3338 366 3376 cum
379 3320 542 3377 illoEberlr.
570 3322 622 3377 visi
632 3324 738 3392 scripsi.
757 3323 826 3378 visis
836 3322 869 3377 P.
888 3322 946 3376 suis
956 3328 983 3379 τ.
1023 3328 1055 3378 19
1070 3338 1140 3378 aveo
1149 3322 1183 3378 P.

173 3393 282 3461 gaudeo
292 3391 391 3447 Scblee.
421 3394 450 3447 et
463 3393 544 3447 vultu
556 3393 613 3448 Mr.
633 3397 665 3448 ut
682 3394 763 3449 vultu
773 3394 805 3449 P.
834 3393 937 3461 plaudo
953 3392 1065 3462 quidem
1079 3394 1185 3450 nimbus

173 3465 202 3518 et
219 3462 343 3587 mogibus
365 3462 409 3586 Ίὶῒ
447 3468 500 3586 Tul
521 3465 611 3518 actius
630 3467 662 3519 ut
680 3464 704 3519 si
724 3464 758 3518 P.
819 3469 865 3532 ,22
886 3462 969 3519 iteres
990 3465 1025 3518 P.

282 3568 290 3587 .
319 3537 354 3587 28
373 3532 426 3586 ise
471 3578 477 3589 .
