2650 3920
478 249 606 304 OBITUS
624 248 849 304 ALEXANDRI..
1102 247 1166 312 165

247 411 307 478 57.
327 411 412 476 Dato
432 411 532 494 igitur
550 411 612 480 hoe
630 431 786 493 responso
805 411 914 475 nullus
934 411 1081 478 omnium
1109 417 1228 474 XXXII.

2 561 3 570 ,
55 502 59 508 ’
157 501 340 586 refragatus
360 505 419 583 est,
439 500 517 583 quin
536 499 583 563 ita
602 498 703 582 ficret,
724 502 761 563 ut
780 497 856 563 deus
875 499 1025 564 iusserat.
1062 499 1168 585 Igitur
1186 502 1231 552 91.

157 590 192 652 in
215 589 401 674 Aegyptum
424 609 542 673 corpus
566 587 742 651 Alexandri
766 587 931 652 ferebatur
956 587 1075 652 feretro
1101 588 1169 672 qui·

158 677 231 742 dem
259 678 411 760 regaliter
438 679 611 758 exornato,
638 676 853 741 tumultuario
881 696 957 740 vero
987 676 1168 740 conditorio

159 787 175 829 e
208 765 335 850 plumbi
368 766 522 848 materie,
560 785 687 848 quoque
721 768 809 828 esset
839 764 1038 848 unguinibus
1072 768 1197 849 atques

157 854 344 939 pigmentis,
369 875 450 937 quae
469 853 636 918 servandis
656 852 845 936 corporibus
870 856 954 936 sunt,
976 851 1081 917 tutius
1099 873 1170 936 per·

157 963 298 1006 manere.
340 940 461 1007 Vectus
484 942 588 1027 igitur
611 963 731 1025 pompa
753 941 967 1024 vehiculoque
990 941 1094 1025 regali
1118 940 1172 1004 abi

158 1030 198 1093 ad
222 1030 388 1094 Pelusium
417 1031 534 1094 advehi
557 1031 726 1093 nuntiatus
755 1033 819 1112 est,
847 1051 959 1095 omnes
988 1028 1095 1093 eiusce
1123 1049 1171 1092 re-

158 1119 265 1201 gionis
294 1140 444 1200 proceres
472 1141 509 1183 ac
538 1118 719 1183 sacerdotes
747 1139 813 1182 una
839 1140 912 1182 cum
942 1115 1005 1181 diis
1033 1137 1070 1181 ac
1098 1117 1173 1180 reli-

158 1207 310 1291 gionibus
327 1207 394 1270 suis
410 1207 538 1270 obviam
553 1227 749 1290 processere,
767 1205 927 1272 iuniorem
942 1203 1172 1270 Sesonchosim
1186 1225 1213 1264 10

157 1295 311 1358 venerati.
334 1293 481 1361 ,Vulcani
499 1315 627 1378 quoque
645 1315 719 1356 eum
738 1295 956 1377 appellatione
976 1294 1173 1375 salutabant,

159 1383 246 1468 quod
276 1381 361 1460 hunc
393 1403 469 1465 prae
498 1385 623 1446 ceteros
651 1381 746 1445 deum
773 1382 830 1446 illa
856 1404 933 1465 pars
961 1382 1173 1447 arbitraretur

158 1471 302 1535 orientis,
339 1469 516 1537 Enimvero
537 1471 621 1533 exim
640 1490 679 1532 ex
698 1469 862 1533 sententia
878 1470 1047 1534 numinum
1093 1474 1218 1530 XXXIII.

158 1560 333 1643 prophetes
362 1558 456 1622 docet
483 1579 551 1621 non
579 1557 665 1641 apud
687 1556 867 1640 Memphim
890 1579 1018 1621 sacrum
1047 1579 1172 1640 corpus,
1190 1558 1235 1610 92.

158 1670 271 1712 verum
299 1646 529 1710 Alexandriam
557 1645 689 1728 pervehi
718 1649 881 1729 oportere,
909 1645 995 1728 quod
1024 1645 1072 1708 illi
1100 1647 1171 1709 loco
1186 1665 1212 1707 15

159 1739 192 1798 et
220 1738 333 1798 auctor
361 1734 509 1798 conditus
537 1721 637 1797 fuerit
664 1736 697 1796 et
724 1735 837 1808 tutela¹
853 1732 905 1798 vel
933 1733 1075 1796 maxima
1102 1754 1172 1815 per-

159 1827 256 1905 petuo
271 1822 381 1886 futura
399 1825 596 1886 nosceretur.
629 1820 766 1886 Perinde
786 1822 871 1885 enim
887 1821 1173 1905 inexpugnabilem

159 1911 266 1975 locum
290 1910 384 1974 illum
408 1909 587 1995 praesagiis
611 1909 714 1991 nosci,
736 1913 774 1972 ut
795 1910 865 1994 ipse
885 1931 1012 1994 quoque
1036 1909 1174 1973 indefes-

161 2021 216 2063 sae
244 1999 373 2062 virtutis
403 2002 453 2063 est
479 1999 623 2062 habitus.
669 1997 818 2081 Erigitur
846 2018 923 2082 ergo
953 1999 1048 2062 aedes
1077 2019 1174 2082 quam

160 2087 302 2151 maximo
323 2109 419 2170 opere
439 2086 604 2156 adinstar
623 2085 746 2168 templi,
769 2087 855 2169 quod
879 2087 978 2150 etiam
996 2108 1080 2151 nunc
1097 2086 1173 2158 Alc·
1188 2107 1215 2147 so

150 2167 275 2239 xandri
291 2176 488 2240 nominatur.
522 2174 592 2250 Quo
612 2173 668 2237 ubi
681 2175 824 2256 primum
843 2177 1048 2239 consecratas
1094 2179 1219 2234 XXXIV.

159 2262 314 2345 reliquias
338 2263 490 2345 intulere,
517 2263 624 2326 visum
647 2261 836 2326 Ptolomaeo
865 2266 915 2325 cst
942 2264 1173 2326 testamentum

162 2371 303 2433 quoque,
326 2350 411 2433 quod
435 2349 609 2431 scripserat
631 2350 786 2432 moriens,
809 2349 937 2432 publice
961 2350 1105 2433 recitari,
1127 2349 1174 2413 id·

162 2458 224 2520 que
246 2438 366 2500 lectum
396 2441 445 2500 est
473 2437 574 2500 ferme
603 2437 643 2501 ad
670 2436 754 2501 hanc
782 2438 978 2501 senteutiam
1002 2439 1171 2520 scriptum:
1188 2461 1215 2500 24

254 2523 312 2590 58.
337 2523 545 2604 eAlexander,
569 2546 625 2588 rex
648 2524 873 2609 Macedonum,
897 2525 982 2590 dicit.
1028 2527 1174 2591 Primum
1193 2539 1237 2593 93.

161 2613 280 2677 mando
304 2612 462 2696 iubeoque
486 2611 714 2696 Arrhidaeum,
737 2613 879 2698 Philippi
902 2615 1020 2698 filium,
1042 2615 1173 2678 interim

250 2889 298 2946 57.
320 2897 332 2944 1
353 2891 407 2991 hog
426 2907 477 2974 one.
492 2893 527 2948 A.
578 2892 864 2989 2deusA.'numen
880 2893 913 2948 P.
963 2893 1171 2974 Safferetro’

160 2975 249 3085 reu
267 2963 307 3086 r
333 2967 369 3087 lt·
385 2962 603 3087 vtlll‘llb
616 2965 904 3088 hbllbl'lab
955 2965 1173 3104 talasa·

161 3102 234 3156 Mai.
262 3103 422 3172 regionibus
437 3105 472 3157 A.
529 3110 561 3157 11
580 3104 706 3158 venerati
721 3105 792 3159 Mar.
811 3107 928 3160 venerat
940 3104 976 3160 A.
997 3123 1060 3160 eum
1074 3105 1173 3162 Scldee.

161 3173 205 3226 est
224 3173 258 3226 A.
338 3179 371 3226 12
391 3174 499 3228 ceteros
518 3175 554 3230 A.
583 3175 683 3228 ceteris
704 3176 777 3229 Mat.
861 3181 893 3228 13
914 3177 963 3229 sed
982 3192 1015 3230 ex
1034 3176 1175 3231 sententia

160 3242 308 3297 numinum
340 3243 491 3313 prophetes
525 3244 623 3310 docet,
655 3246 730 3313 apud
760 3245 949 3299 alexandriam
982 3263 1082 3315 corpus
1109 3263 1173 3316 per·

160 3313 228 3367 vohi
247 3315 375 3382 oportere
395 3315 429 3369 P.
481 3320 515 3368 16
535 3315 625 3368 Verba
640 3315 680 3369 ‘et
693 3316 863 3370 tutela-19
878 3317 920 3370 est
933 3316 1059 3370 habitus’
1075 3333 1125 3372 om.
1141 3317 1173 3373 P.

162 3387 195 3435 21
221 3384 309 3438 Verba
333 3385 404 3451 ‘quo
427 3384 659 3439 ubi-intulere'
680 3401 730 3440 om.
752 3387 785 3439 P.
790 3428 800 3454 ‚
822 3389 871 3454 qai
892 3388 934 3442 itu
952 3388 1060 3455 perpet:
1082 3387 1174 3442 visum

162 3457 206 3506 est
223 3455 309 3508 ctiam
327 3454 479 3510 tholomeo.
553 3461 587 3509 23
607 3473 717 3524 quoque
736 3473 785 3512 om.
805 3457 838 3510 P.

251 3525 298 3580 58.
318 3531 352 3578 25
372 3527 553 3580 macedonem
574 3527 606 3581 P.
679 3532 714 3581 26
733 3526 815 3582 iubeo
835 3529 867 3582 P.
896 3526 1082 3581 Arrhidaeum
1100 3527 1173 3581 Mul.

162 3592 301 3648 Aristeum
321 3597 395 3650 AP.
1017 3623 1020 3630 ·
