2654 3926
172 174 216 240 48
569 159 572 164 ¹
608 171 716 228 LIBER
733 173 754 228 1.

173 339 262 403 tione
286 337 485 420 conduxeris,
511 336 712 420 adtemptare
736 339 909 421 quatereve
932 335 1105 401 Persarum
1128 337 1187 400 im-

173 427 298 511 perium
323 447 431 510 queas.
477 424 585 490 Tanta
612 425 731 509 quippe
759 423 841 488 mihi
868 425 1044 489 multitudo
1070 426 1187 490 exerci-

173 521 266 580 tuum
296 515 403 599 adest,
433 518 469 578 ut
500 513 572 597 quis
600 512 783 597 promptius
815 533 930 577 arenae
958 535 1056 596 quam
1083 515 1188 578 nostri

174 625 325 668 numeros
347 603 551 686 adsequatur.
594 602 675 665 Auri
692 622 789 686 porro
810 601 1000 685 argentique
1024 624 1061 666 ea
1085 603 1187 686 eopia,

148 696 213 757 sut
234 692 370 756 humum
393 691 508 776 ipsam,
532 690 560 754 si
583 689 714 754 libitum
738 693 798 774 est,
820 693 1025 755 consternere
1046 690 1187 756 indidem

174 781 307 866 possim.
360 779 471 856 Quare
497 778 559 843 tibi
587 779 711 844 loculos
743 779 813 844 auri
843 779 1073 844 refertissimos
1103 779 1188 864 misi,

174 870 224 934 uti
248 871 275 934 si
298 868 460 954 indigebis
484 868 668 951 sumptibus
698 866 738 931 ad
761 867 993 947 reversionem,
1020 867 1082 932 tibi
1110 869 1189 934 tuis-

176 980 237 1042 que
255 958 387 1040 habeas,
408 957 493 1040 quod
513 955 694 1022 subiecerit.
733 954 825 1032 Quod
845 957 872 1021 si
890 955 980 1021 hisce
999 957 1131 1022 monitis
1151 979 1200 1022 ac
1307 1027 1311 1050 γ

175 1047 356 1130 praeceptis
379 1045 515 1110 ulterius
539 1043 716 1130 refragare,
739 1045 869 1110 mittam
891 1045 1053 1130 protinus,
1077 1046 1132 1130 qui
1155 1049 1187 1110 te
1310 1063 1311 1078 ¹

136 1157 163 1197 10
177 1135 444 1220 comprehensum
466 1134 531 1199 huc
553 1133 764 1218 transferant3
788 1154 854 1199 non
878 1133 963 1198 enim
987 1137 1024 1199 ut
1043 1133 1189 1219 Philippi

175 1223 262 1289 filius
287 1220 493 1288 coercebere.2

266 1310 325 1378 38.
345 1311 407 1376 His
421 1311 513 1376 lectis
529 1311 569 1375 ab
584 1310 770 1377 Alexandro
784 1311 1023 1395 publicatisque
1038 1333 1103 1375 me·
1135 1315 1274 1375 XXXVH.

177 1405 230 1465 tus
244 1399 403 1485 plurimos
419 1401 589 1485 quatiebat
605 1401 764 1466 dictorum
783 1399 1095 1486 magniloquentiam
1115 1421 1189 1464 con·
1207 1402 1252 1455 43.

176 1489 381 1574 templantes.
427 1488 519 1566 Quod
547 1489 604 1556 ubi
627 1489 810 1554 Alexander
833 1492 941 1554 mente
964 1487 1101 1552 intuitus
1130 1491 1188 1572 est,

137 1598 162 1640 11
178 1579 211 1642 in
234 1579 314 1643 haec
333 1579 432 1644 verba
456 1579 678 1644 contionatur:
703 1578 741 1642 Ὁ
761 1577 953 1643 Macedones
976 1575 1089 1660 nostri,
1113 1575 1189 1660 quid

177 1667 310 1732 tandem
334 1668 413 1733 adeo
437 1667 531 1731 dictis
556 1667 734 1732 barbaricis
752 1665 1012 1750 perturbemini?
1036 1686 1117 1751 quae
1137 1663 1190 1729 ad-

176 1755 345 1839 rogantiae
380 1754 509 1838 quidem
544 1754 763 1836 vanitatisque
799 1754 922 1818 habent
957 1753 1190 1838 testimonium,

177 1843 390 1907 confidentiae
409 1863 486 1907 1010
511 1844 622 1906 carent
645 1840 847 1924 probatione.
888 1841 975 1905 Nam
999 1846 1032 1906 et
1056 1843 1191 1908 canibus

177 1929 445 1994 imbecillioribus
469 1950 540 1994 mos
564 1932 627 2010 est,
655 1932 779 2012 quanto
807 1929 880 2011 plus
905 1928 1042 1993 defuerit
1064 1931 1191 2013 virium,

137 2038 164 2078 ro
177 2021 269 2083 tanto
294 2017 409 2081 cristas
429 2039 542 2082 acuere
563 2017 732 2081 sublimius
756 2020 788 2080 et
807 2015 981 2081 latratibus
1000 2017 1190 2082 inritatiori·

175 2107 238 2176 ‚bus
262 2105 439 2192 indulgere.
485 2105 577 2170 Haec
605 2105 686 2170 mihi
709 2105 786 2178 uisa,
809 2109 858 2169 est
886 2105 1121 2190 competentior
1151 2105 1192 2170 ad

176 2194 271 2259 Darii
307 2195 499 2260 iactantiam
532 2195 745 2278 comparatio,
785 2194 869 2278 quod
906 2193 992 2258 enim
1026 2197 1191 2278 praestare

177 2283 300 2349 viribus
324 2306 391 2349 non
411 2288 529 2368 potest,
553 2283 661 2349 verbis
684 2283 839 2368 indulget
881 2282 954 2366 Ego
977 2286 1087 2348 tamen
1111 2305 1191 2350 aveo

178 2377 294 2438 cuncta
313 2373 446 2456 perinde
470 2395 489 2438 a
512 2373 605 2438 vobis
625 2372 815 2457 existimari,
837 2377 874 2437 ut
891 2372 999 2438 verbis
1019 2373 1118 2438 etiam
1142 2395 1193 2438 ex·

137 2461 371 2546 reprimuntur.
417 2460 504 2527 Malo
533 2462 620 2526 enim
647 2483 707 2526 nos
722 2464 1039 2546 praesuspectantes
1070 2462 1193 2547 aliquid
1310 2471 1311 2488 ¹

150 2600 152 2604 .
178 2551 381 2616 difficultatis
401 2551 519 2616 animis
538 2550 656 2615 fortius
675 2551 878 2635 praeparatis
900 2552 935 2614 in
953 2573 1022 2615 rem
1041 2550 1192 2615 bellicam
1310 2549 1311 2552 ’

178 2639 311 2722 vadere,
342 2662 440 2722 quam
470 2639 588 2704 fiducia
617 2639 761 2704 hostium
792 2639 977 2705 molliorum
1000 2639 1192 2722 'inopinatas

179 2727 339 2790 offendere
363 2726 592 2793 difficultates.2

269 2813 327 2879 39.
355 2814 401 2879 Et
424 2817 480 2880 ubi
503 2816 583 2881 haec
606 2816 803 2898 dictasunt,
832 2814 948 2898 corripi
976 2813 1191 2879 internuntios
1213 2832 1259 2884 44.

139 2921 166 2962 uo
180 2903 271 2968 iubet
290 2904 501 2988 crucibusque
519 2904 647 2989 subfigi.
689 2901 788 2968 Cuius
808 2902 960 2987 supplicii
979 2902 1095 2967 merita
1119 2924 1192 2967 cum
1310 2933 1311 2944 ¹

1309 221 1311 250 l

1310 387 1311 414 l

1310 423 1311 440 1

268 3119 282 3167 1
304 3114 473 3181 attemptare
492 3115 655 3183 peterevere
673 3113 706 3168 P.
771 3119 787 3167 3
806 3111 924 3180 utquid
943 3112 976 3166 P.
1041 3116 1056 3166 5
1076 3111 1193 3166 humum

180 3185 236 3255 ipsi
256 3185 290 3240 P.
391 3185 471 3239 8his
489 3185 603 3241 monitis
624 3186 657 3242 P.
758 3183 844 3252 equi
862 3183 891 3238 et
910 3181 1140 3252 comprehensum
1160 3182 1192 3238 P.

181 3261 212 3309 11
233 3255 417 3311 cohercebere
436 3263 463 3310 1.

268 3327 316 3382 88.
337 3331 370 3381 13
390 3326 538 3395 quatiebat
555 3326 592 3382 A.
601 3326 635 3381 P.
665 3325 795 3396 capiebat
812 3333 839 3379 1.
951 3330 984 3380 16
1002 3325 1073 3380 adeo
1092 3325 1127 3379 A.
1157 3323 1196 3378 ad

180 3396 232 3451 deo
251 3397 284 3451 P.
322 3414 377 3465 quo
397 3398 574 3467 arrogantiae
595 3399 628 3452 P.
706 3403 741 3451 20
759 3395 941 3452 imitantibus
959 3403 986 3450 1.
1045 3401 1099 3450 χ21
1119 3395 1196 3463 quod

181 3465 255 3587 epiim
269 3467 392 3591 1.ἓοοᾱ
406 3467 482 3526 A.P.
528 3475 561 3524 23
581 3469 737 3524 aveoMai.
757 3467 940 3524 habeoA.P.
992 3472 1024 3521 27
1044 3467 1147 3523 vadere
1163 3467 1195 3524 P.
1310 3505 1311 3550 3

183 3553 198 3588 v
238 3552 285 3590 are
334 3582 339 3593 .
