2648 3922
170 194 210 258 16
601 193 710 249 LIBER
727 194 747 249 I.

168 357 241 440 sibi,
260 377 354 440 quem
372 355 587 439 interfecerat,
605 356 676 440 fuit,
694 355 812 420 metuit
830 377 903 420 eum
922 357 955 421 in
974 355 1031 423 illo
1050 356 1181 425 delosso

167 445 366 531 insepultum
385 447 418 510 et
436 444 590 529 praedam
609 443 722 509 bestiis
741 443 927 529 derelinqui.
959 444 1046 512 Nam
1064 450 1097 510 et
1115 468 1181 513 nox

168 537 238 598 erat
261 536 294 596 et
317 535 449 619 secreta,
471 554 535 616 quo
558 535 723 598 venerant.
760 531 912 598 Naturali
935 554 1014 618 ergo
1035 536 1180 600 monitus

168 620 296 686 adfectu
312 621 503 707 superponit
513 621 680 685 hominem
693 620 837 686 humeris
851 642 950 705 quam
959 622 1180 688 valentissime

140 712 201 774 set
228 713 372 775 revectat
401 709 436 774 in
465 710 601 793 regiam.
649 707 696 773 Ut
726 713 835 774 autem
863 730 1011 774 reversus
1042 711 1082 776 ad
1112 734 1181 777 ma-

167 802 251 863 trem
275 799 333 880 est,
357 800 472 863 cuncta
495 801 618 880 narrat,
642 819 724 882 quae
749 797 810 862 sibi
835 819 984 881 supremo
1008 799 1178 884 conloquio

166 891 260 972 pater
284 886 415 951 dixerat.
462 885 533 951 Hoc
556 886 712 950 demirata
741 888 791 950 est
818 886 935 952 mulier
963 889 996 952 et
1020 908 1115 970 ‚secus
1140 883 1203 952 de'

167 997 202 1040 se
225 996 323 1059 quam
346 975 495 1040 voluerat
517 973 681 1058 iudicavit,
705 975 791 1059 quod
813 976 864 1039 tot
888 973 980 1038 annis
1003 976 1095 1040 vanis
1119 977 1179 1041 sci·

165 1064 242 1128 licet
269 1063 395 1128 artibus
419 1063 491 1126 lusa
512 1063 666 1146 probram
689 1083 758 1126 rem
780 1062 911 1128 fecerat.
957 1060 1179 1130 Nihilominus
1218 1121 1222 1126 .

127 1173 153 1212 10
168 1155 201 1216 et
225 1152 342 1236 sepelit
366 1171 437 1215 cum
460 1150 573 1216 decore
597 1149 836 1233 Nectanabum,
860 1154 894 1214 et
915 1155 952 1215 ut
974 1152 1062 1234 patri
1085 1152 1179 1236 filius,

167 1240 373 1324 sepulchrum
397 1239 495 1324 erigit
518 1239 792 1322 operosissimum.
832 1237 973 1323 Fuitque
993 1239 1068 1304 inde
1087 1261 1179 1324 prae-

165 1327 372 1480 nosse'Nqutid
395 1327 472 1480 hlpic
495 1326 672 1480 {enitotad
690 1327 975 1481 vitaedclausulladm
995 1327 1179 1480 dgbereturt:

166 1438 239 1480 cum
295 1437 330 1480 ec
347 1437 410 1480 ana
433 1434 471 1480 us
532 1437 548 1479 e
632 1437 650 1481 ο
679 1437 772 1480 orrun
797 1439 833 1480 us
860 1438 895 1480 1n
955 1437 1009 1481 ace
1032 1437 1107 1480 orna
1135 1439 1162 1480 sr

166 1505 329 1590 sepultus,
357 1436 625 1588 tantumdemihilie
654 1505 753 1590 spatii
784 1525 801 1569 e
831 1503 959 1569 diverso
987 1501 1177 1590 Alexander,

127 1613 152 1654 rs
165 1615 222 1657 rex
245 1592 466 1672 Macedoniae,
495 1596 600 1658 morte
625 1615 684 1657 sua
706 1591 792 1658 foret
815 1593 966 1678 Aegypto
989 1592 1178 1658 traditurus.

254 1680 289 1748 9.
317 1680 415 1745 Enim
438 1681 608 1765 Philippus
631 1680 777 1765 Delphos
801 1681 892 1746 misit
914 1702 1010 1764 super
1032 1681 1123 1767 regni
1159 1687 1219 1742 XV.

166 1771 279 1854 suique
307 1769 466 1834 sollicitus
494 1789 677 1847 successore
704 1790 960 1853 responsumque
991 1769 1115 1854 accepit
1143 1769 1178 1834 in

164 1857 251 1921 hunc
278 1856 424 1922 modum:
453 1854 498 1921 ε0
526 1855 692 1940 Philippo,
719 1858 747 1922 is
775 1857 904 1921 demum
932 1857 999 1922 tuis
1027 1858 1178 1942 omnique

166 1946 243 2009 orbe
271 1945 413 2028 potietur
440 1947 473 2008 et
499 1944 595 2010 hasta
625 1945 734 2010 omnia
762 1945 966 2029 subiugabit,
996 1947 1177 2030 quicunque

125 2053 152 2093 ao
165 2032 386 2116 Bucephalam
406 2053 524 2118 equum
544 2033 689 2098 insiliens
708 2034 850 2099 medium
864 2034 974 2099 Pellae
988 2032 1176 2098 transierit?

167 2119 354 2185 Vocabatur
377 2121 462 2185 enim
486 2142 600 2206 equus,
624 2143 719 2206 quem
743 2143 841 2208 supra
864 2121 1017 2204 diximus,
1040 2122 1097 2186 illo
1120 2143 1177 2186 no-

166 2210 263 2292 mine,
285 2231 351 2274 non
375 2231 413 2275 eo
437 2209 533 2274 modo
557 2209 643 2293 quod
667 2212 868 2276 corniculata
890 2211 998 2275 fronte
1021 2210 1177 2274 terribilis

164 2297 262 2381 foret,
291 2298 346 2362 sed
375 2298 460 2382 quod
488 2299 610 2364 inustio
639 2299 737 2364 etiam
764 2299 901 2364 fortuita
924 2298 1082 2383 quaedam
1110 2299 1177 2364 eius

166 2407 264 2451 coxae
288 2387 389 2450 veluti
416 2387 537 2451 taurini
564 2388 680 2472 capitis
708 2388 876 2452 imitamen
898 2387 1069 2452 insederat
1115 2385 1178 2451 Sed

125 2493 151 2534 ss
165 2474 226 2539 hac
251 2478 337 2539 sorte
355 2480 486 2560 recepta
509 2497 564 2540 rex
584 2477 770 2561 opinionem
792 2476 926 2540 fovebat
948 2476 1091 2561 praedici
1114 2476 1179 2540 sibi

165 2562 340 2629 Herculem
358 2564 519 2628 iuniorem
538 2587 577 2628 ex
594 2564 718 2629 famula
741 2565 804 2630 sibi
821 2568 944 2628 natum.
984 2565 1030 2628 At
1048 2585 1123 2628 vero
1161 2569 1235 2627 XVI.

165 2651 350 2716 Alexander
378 2674 452 2716 cum
476 2652 653 2716 Aristotele
681 2654 746 2716 iem
770 2655 897 2715 tantum
922 2650 1048 2714 Milesio
1074 2653 1178 2714 utere-

165 2743 226 2822 tur,
249 2739 334 2803 forte
353 2741 572 2824 praeceptoris
594 2741 688 2803 istius
713 2739 752 2802 ad
773 2758 946 2820 puerorum
964 2737 1095 2820 ingenia
1113 2740 1176 2802 col-

254 2911 411 2980 2relinqui
434 2911 468 2966 P.
503 2911 592 2966 cabis
618 2909 709 2964 ‘Nam
734 2911 763 2964 et
786 2909 857 2963 nox’
884 2910 983 2977 paitru
1007 2910 1105 2978 foliam
1130 2927 1176 2966 ea-

165 2987 285 3051 captam
309 2999 342 3036 erc
361 2983 419 3036 cod.
440 2981 533 3037 Paris.
553 2985 644 3049 4880,
667 2997 742 3036 acac
760 2981 965 3052 applatinctam
987 2980 1075 3038 codici
1094 2985 1176 3039 5873.

165 3059 181 3106 3
205 3055 343 3108 secretum
367 3055 502 3107 venerant
525 3051 556 3106 Τ.
629 3058 647 3105 4
670 3068 753 3118 quem
776 3048 975 3107 valentissime
993 3052 1121 3107 revectat
1142 3052 1176 3106 P.

164 3129 348 3179 scrutariam
369 3123 400 3176 T.
492 3126 640 3178 denarrat
661 3122 690 3180 T.
723 3122 848 3190 alloquio
871 3123 905 3177 P.
996 3123 1076 3178 stet
1096 3121 1177 3178 annis

164 3211 215 3248 om.
236 3195 268 3247 T.
297 3193 377 3248 vanis
396 3208 446 3248 om.
467 3192 498 3248 P.
545 3193 764 3263 eprobritatem
786 3194 817 3249 Τ.
865 3200 899 3248 10
917 3209 1002 3261 quam
1022 3193 1123 3248 decore
1144 3194 1177 3248 T.

164 3267 197 3318 ut
218 3281 267 3320 cm.
294 3264 326 3320 P.
401 3269 433 3318 12
453 3264 528 3332 quod
551 3264 616 3318 huic
640 3265 719 3334 genti
742 3266 868 3319 clausum
890 3263 949 3319 iam
972 3264 1120 3319 deberetur
1145 3263 1176 3318 T.

166 3339 198 3387 13
217 3333 429 3390 inMacedonia
439 3334 470 3389 T.
490 3334 673 3389 Macedoniae
684 3337 718 3390 P.
770 3341 804 3389 14
822 3334 857 3389 de
871 3335 981 3391 diverso
995 3334 1028 3388 P.
1076 3339 1109 3389 15
1127 3349 1177 3388 rex

164 3402 346 3460 Macedoniae
367 3405 398 3460 T.
427 3406 592 3460 Macedonia
610 3408 643 3461 P.
677 3407 765 3476 (post)
781 3407 899 3460 mortem
919 3421 998 3458 suam
1019 3404 1050 3459 T.

252 3475 281 3529 9.
310 3481 342 3530 17
363 3492 549 3531 successorem
568 3477 602 3532 P.
640 3482 673 3532 18
693 3477 715 3532 0
735 3493 785 3532 cm.
808 3476 839 3531 T.
876 3482 911 3530 20
929 3473 1123 3544 Bucephalum
1144 3475 1176 3530 T.

164 3542 268 3596 cased
289 3543 318 3598 T.
348 3547 377 3598 et
396 3544 428 3600 P.
507 3553 541 3602 Ἡ
561 3549 672 3601 tantum
690 3547 801 3602 Milesio
822 3547 856 3602 P.
884 3547 966 3601 tanto
984 3545 1122 3615 magistro
1143 3545 1176 3601 T.
