2646 3934
167 209 234 275 184
330 207 546 288 snaxsuam
564 209 642 264 CUM
660 207 818 265 DINDIMO
839 208 1027 264 COLLATIO.

163 393 230 436 non
263 371 334 454 ipse
363 371 491 454 quidem
520 370 599 434 deus
630 375 694 453 est,
724 370 779 436 sed
807 371 858 434 dei
886 371 1009 435 amicus
1037 369 1186 436 efficitur.

165 458 230 526 Gur
258 462 377 544 autem,
402 480 531 542 quaeso,
554 459 662 523 visum
686 463 737 523 est
758 459 825 524 tibi
845 480 904 524 nos
928 460 1131 524 continenter
1154 463 1189 525 et

164 549 218 632 pie
244 549 391 612 viventes
419 547 524 612 dicere
552 546 631 612 deos
659 569 729 612 esse
756 548 809 612 vel
836 551 922 612 certe
948 548 1091 612 invidere
1115 547 1185 632 deo,

167 635 329 720 siquidem
350 636 467 701 iustius
491 637 525 698 in
544 657 603 700 vos
622 635 708 701 cadit
726 637 790 700 ista
808 634 972 718 suspicio?
1008 633 1094 701 Nam
1113 657 1188 700 cum

141 724 358 808 ssuperbiam
381 728 525 789 vestram
549 724 671 788 nimiae
694 723 860 788 felicitatis
883 728 992 789 tumor
1015 724 1188 807 inflaverit,
1291 737 1294 746 “

169 813 265 879 obliti
296 812 383 895 quod
414 834 453 876 ex
483 811 672 877 hominibus
703 813 797 896 estis,
826 812 965 876 firmatis
996 813 1091 877 deum
1121 833 1189 876 non

169 922 283 966 curare
307 901 346 964 de
369 900 574 965 mortalibus.
611 899 785 965 Vobismat
802 900 883 984 ipsis
902 901 1024 984 templa
1042 900 1189 964 fundatis

169 993 268 1074 atque
294 1011 367 1053 aras
392 988 517 1073 erigitis
546 993 579 1052 et
608 989 886 1053 immolationibus
908 988 1066 1072 pecudum
1090 990 1189 1052 laeta·

170 1077 250 1142 mini
276 1097 335 1141 vos
358 1076 514 1141 invocari.
559 1076 632 1142 Hoc
654 1077 741 1162 patri
764 1076 927 1159 videlicet,
954 1077 1018 1141 hoc
1048 1098 1108 1141 avo
1131 1081 1190 1140 tuo

130 1191 156 1230 10
173 1166 364 1249 cunctisque
381 1165 574 1248 parentibus
599 1169 722 1229 eertum
746 1167 796 1228 est
808 1165 900 1246 ‚fieri3
924 1165 986 1229 hoc
1009 1166 1109 1229 etiam
1128 1165 1190 1228 tibi

172 1253 379 1339 pyramidum
401 1253 542 1318 forsitan
564 1253 729 1337 promittit
753 1253 939 1317 exstructio.
985 1251 1192 1337 Quapropter

173 1344 317 1407 furiosos
349 1341 457 1405 verius
489 1364 549 1406 vos
587 1363 657 1406 esse
695 1341 845 1422 dixerim,
882 1341 937 1424 qui
970 1341 1055 1425 quod
1092 1341 1190 1426 agitis

172 1429 352 1517 ignoratis,
384 1431 441 1494 aut
473 1431 502 1494 si
536 1430 632 1494 deum
664 1431 801 1495 scientes
836 1431 1055 1512 contemnitis,
1092 1430 1191 1494 sacri-

173 1519 252 1603 legii
285 1522 379 1582 reatu
410 1519 577 1583 tenemini.
633 1517 715 1584 Cum
754 1539 831 1602 ergo
864 1517 1030 1582 caecitatis
1063 1522 1191 1582 vestrae

133 1630 159 1670 15
173 1607 328 1672 tenebras
356 1609 443 1671 recte
467 1607 672 1672 cernentibus
702 1606 875 1690 applicatis
904 1609 937 1669 et
965 1606 1108 1670 animum
1137 1628 1192 1670 no·

175 1705 278 1760 strum
301 1695 362 1759 tali
385 1696 531 1760 convicio
557 1696 725 1776 sauciatis,
753 1716 820 1759 non
843 1693 965 1776 sinitis,
990 1697 1028 1758 ut
1051 1693 1192 1758 miseriis

175 1784 295 1848 vestris
322 1783 474 1847 lacrimas
503 1783 636 1864 saltem,
666 1782 751 1865 quod
783 1786 833 1846 est
864 1784 1044 1847 extremum
1074 1804 1191 1847 munus

175 1870 391 1955 pereuntium,
411 1870 639 1953 dependamus.
662 1869 768 1935 Valde
783 1871 867 1934 enim
886 1869 1086 1935 lamentandi
1105 1871 1194 1953 estis,

176 1959 293 2043 quibus
312 1957 524 2041 inexpiabiles
543 1980 603 2043 pro
623 1959 801 2024 divinitatis
825 1959 944 2024 iniuria
961 1979 1083 2042 poenae
1102 1980 1193 2042 prae·

136 2069 163 2110 so
177 2049 349 2131 parantur,
380 2067 517 2129 quarum
545 2047 760 2111 certissimum
790 2047 1017 2111 documentum
1046 2050 1096 2111 est
1124 2045 1194 2112 Sal·

177 2135 286 2201 monei
309 2133 397 2199 iusta
421 2135 601 2218 damuatio,
630 2137 685 2219 qui
712 2135 874 2220 fulgorem
905 2135 1035 2219 superni
1059 2135 1194 2200 luminis

178 2225 369 2306 aemulatus,
390 2225 475 2308 quod
494 2225 695 2303 imitabatur,
718 2227 869 2307 expertus
889 2228 946 2302 est,
968 2225 1019 2288 vel
1038 2223 1194 2288 Enceladi

178 2313 360 2396 sepultura,
387 2313 442 2396 qui
468 2314 543 2395 quia
565 2313 717 2377 violentis
745 2313 876 2378 ausibus
905 2311 1040 2397 aggredi
1068 2313 1194 2377 eoelum

178 2402 328 2466 manibus
351 2402 467 2486 voluit,
490 2403 649 2486 premitur
670 2402 796 2466 tumulo
820 2402 943 2467 montis
966 2401 1070 2486 igniti.
1108 2400 1196 2465 Tali-

138 2511 165 2551 ss
178 2491 239 2555 bus
271 2493 494 2555 remuneratur
526 2490 722 2573 honoribus,
758 2490 813 2573 qui
845 2511 879 2554 se
916 2511 982 2554 non
1014 2493 1198 2574 agnoscunt

180 2601 249 2644 esse
273 2579 438 2643 mortales.

271 2767 365 2838 1dci]
391 2769 459 2823 deus
482 2770 518 2825 L.
592 2770 695 2824 3deos
718 2769 791 2840 esse]
816 2769 870 2823 diis
893 2769 928 2823 B.
1004 2768 1140 2823 4iustius
1158 2769 1197 2823 B.

181 2837 262 2894 istius
280 2837 315 2892 L.
325 2839 357 2892 P.
382 2854 431 2894 om.
451 2838 488 2892 R.
531 2840 706 2908 coblitique
725 2839 761 2894 B.
790 2856 846 2894 non
864 2855 913 2895 om.
934 2840 968 2896 L.
977 2841 1011 2894 P.
1054 2841 1125 2895 lde
1143 2855 1195 2895 om.

180 2909 272 2966 L.P..
323 2907 485 2964 eiuvocari
503 2909 539 2965 R.
568 2911 665 2965 vocari
683 2915 730 2964 cet.
766 2911 815 2964 tuo
835 2909 870 2966 R.
890 2926 940 2966 om.
960 2917 1007 2966 eet.
1081 2915 1113 2964 11
1133 2927 1199 2980 pro-

180 2977 356 3036 musitae.
381 2980 540 3049 praemittit
549 2981 584 3036 L.
628 2979 749 3034 ermittit
760 2979 794 3034 P.
832 2983 983 3036 exstructio
993 2982 1030 3037 R.
1049 2980 1198 3037 instructio

181 3057 229 3107 oet.
347 3055 380 3104 12
404 3050 498 3106 verius
521 3068 571 3106 om.
594 2999 631 3106 Ii
744 3057 778 3106 14
801 3052 954 3106 teneamini
978 3052 1055 3106 RB.
1093 3067 1142 3106 cur
1163 3053 1199 3108 P.

184 3128 217 3176 16
237 3120 377 3194 convicio]
411 3122 550 3192 supplicio
570 3122 605 3177 R.
633 3122 791 3176 sauciantes
809 3123 844 3177 L.
906 3129 939 3177 18
958 3123 1143 3192 depensamus
1162 3124 1199 3179 L.

183 3191 374 3262 depandamus
389 3191 424 3250 R.
508 3200 540 3249 19
559 3192 730 3263 inexpiabile
744 3195 779 3248 L.
807 3192 1014 3262 inexplicabilis
1030 3195 1064 3249 P.
1097 3193 1199 3252 divini-

174 3265 244 3331 tate
262 3262 381 3318 iuiuriae
396 3263 432 3320 R.
461 3281 569 3334 poenae
588 3281 638 3319 cm.
658 3263 692 3318 L.
717 3279 808 3333 poena
826 3268 1011 3334 praeparatur
1026 3265 1059 3319 P.
1096 3269 1130 3322 22
1151 3265 1199 3320 vel

184 3348 233 3386 om.
248 3331 284 3387 R.
321 3339 355 3388 23
374 3335 424 3402 qui
437 3335 516 3391 RB.
536 3351 607 3405 quas
621 3334 695 3389 L.P.
729 3333 797 3403 quia
814 3336 929 3404 scapua
948 3337 1014 3389 dum
1028 3337 1065 3394 B.
1085 3351 1134 3391 oar.
1150 3341 1201 3390 oet.

184 3407 218 3454 24
237 3402 366 3457 manibus
380 3420 430 3460 om.
445 3405 481 3461 R.
501 3405 649 3476 premitur]
665 3403 857 3473 praemittitur
871 3406 905 3460 L.
943 3411 978 3460 25
998 3409 1153 3476 agnoscant
1161 3407 1200 3463 R.

185 3475 358 3537 cognoscunt
374 3474 408 3528 P.
