2648 3924
480 203 608 260 OBITUS
627 202 849 262 Anuxnubffl.
1106 205 1170 272 115

155 365 246 431 hisce
270 386 340 430 esse
364 366 514 432 omnibus
534 366 722 450 adfluentes,
745 388 827 452 quae
850 366 916 432 sint
939 367 980 432 ad
999 368 1169 434 beatitudi-

157 476 234 519 nem
257 454 451 521 necessaria.
491 454 594 520 Addie
613 459 779 540 praeterea
803 457 1076 541 operaepretium
1098 478 1170 524 con-

157 542 292 608 siderari
315 543 596 628 militantibusque
625 547 774 628 oportere
799 545 870 625 [itu]
895 544 956 628 uti,
983 566 1024 609 ne
1047 545 1169 610 frustra

156 631 331 697 laboretur.
376 629 501 706 Quibus
525 632 675 698 omnibus
703 631 812 712 doces,
840 633 925 718 quod
952 654 1012 698 nos
1040 655 1168 719 quoque

157 721 296 784 alacrius
325 719 365 783 ad
394 741 451 784 vos
479 719 611 786 tendere
639 720 827 804 debeamus,
854 720 938 785 unde
965 721 1061 786 nobis
1088 723 1202 790 hoece

157 810 281 892 cuncta,
304 829 387 891 quae
410 808 491 873 adeo
511 830 569 874 vos
587 808 791 894 praedicatis,
814 811 1018 876 accesserint.
1049 809 1169 878 Fateor

157 897 243 962 enim
266 896 348 960 nihil
372 917 443 961 esse
463 896 595 962 Graecis
615 897 782 982 eiusmodi,
805 920 942 982 quorum
965 920 1023 964 ιιοι
1047 899 1168 964 diuitiis

156 985 351 1070 gloriamini,
374 987 471 1069 atque
493 986 613 1051 idcireo
636 986 818 1070 indigentes
838 987 1008 1052 meliorum
1032 1010 1051 1052 a
1077 988 1168 1055 vobis

155 1078 267 1158 petere
294 1073 484 1138 necessaria.
529 1074 614 1139 Illud
641 1096 718 1140 vero
748 1075 934 1157 ridiculum,
966 1078 1003 1141 ut
1033 1098 1108 1143 cum
1135 1078 1167 1142 te
1186 1085 1213 1136 8.

153 1162 360 1227 homunculis
383 1162 558 1248 praeferas,
580 1167 650 1228 tum
674 1163 735 1228 diis
758 1185 886 1250 quoque
911 1164 1071 1249 potiorem
1096 1186 1166 1230 esse
1181 1183 1207 1223 10

154 1251 359 1335 pronunties,
387 1251 473 1334 quod
501 1251 537 1316 ni
566 1252 693 1317 adesset
715 1253 835 1317 litteris
863 1254 942 1336 tuis,
968 1252 1003 1316 in
1030 1254 1166 1338 reliquis

154 1340 272 1404 fiducia
301 1339 504 1404 fortitudinis
535 1340 599 1405 dici
628 1345 755 1425 posset3
787 1341 941 1427 quoniam
971 1363 1048 1408 vero
1078 1342 1167 1408 hisce

154 1450 223 1493 non
240 1431 413 1512 temperes,
431 1429 598 1494 temeritas
617 1429 728 1514 utiquo
748 1434 797 1494 est
814 1429 1035 1514 intelligenda.
1061 1429 1167 1507 Quare

155 1516 251 1581 sicuti
281 1516 343 1580 tibi
371 1518 590 1583 constantiam
619 1517 716 1602 fingit
743 1517 799 1582 ille
830 1520 1048 1602 contemptus,
1079 1521 1167 1584 velut

155 1627 265 1670 earum
287 1603 420 1670 fortuna
439 1607 584 1691 gentium
609 1607 742 1671 minime
761 1627 920 1688 moveare,
943 1628 1025 1691 quae
1048 1610 1124 1672 sunt
1147 1627 1206 1671 au

154 1694 251 1758 nobis
269 1693 356 1758 bello
381 1697 561 1778 superatae,
583 1695 631 1759 it'a
652 1717 712 1759 nos
732 1716 858 1780 quoque
876 1693 1015 1760 nibilum
1034 1696 1166 1760 omnino

154 1782 292 1846 terrebit
313 1782 484 1848 verborum
507 1785 573 1848 ista
591 1784 844 1868 magnificentia,
866 1805 947 1868 quae
971 1783 1166 1852 temeritatis

154 1874 281 1936 vestrae
304 1870 402 1936 index
423 1871 532 1956 potius
556 1877 607 1937 est
631 1894 727 1956 quam
750 1871 975 1937 fortitudinis?

244 1958 277 2027 6.
315 1958 377 2024 His
404 1960 498 2026 lectis
523 1960 625 2026 Porus
653 1960 694 2026 ad
722 1961 799 2026 belli
827 1961 935 2026 studia
961 1960 1166 2027 incitabatur.
1184 1965 1232 2022 ΙΙΙ.

154 2045 252 2132 Oogit
279 2068 356 2132 ergo
385 2049 561 2114 exercitum
595 2054 628 2114 et
659 2071 756 2134 quam
785 2050 943 2133 plurimos
976 2049 1166 2134 elephantos
1185 2041 1210 2091 9.

153 2139 323 2222 ceteraque
342 2156 462 2222 genera
485 2138 677 2222 bestiarum,
701 2138 818 2222 quibus
836 2136 910 2201 Indi
933 2138 1205 2221 commilitonum

153 2228 330 2309 contraque
354 2246 410 2290 eos
433 2225 646 2292 Macedonum
669 2230 703 2291 et
725 2224 897 2289 Persarum
922 2225 1034 2290 aderat
1056 2225 1166 2289 multi·

152 2313 240 2378 tudo.
286 2313 461 2379 Enimvero
490 2335 562 2379 eum
589 2315 663 2379 illos
692 2313 767 2377 Pori
794 2334 945 2378 numeros
974 2313 1165 2379 Macedones

151 2401 356 2466 intuerentur
382 2424 510 2487 unaque
533 2403 585 2467 his
608 2402 729 2467 bestias
752 2405 964 2484 memoratas,
991 2401 1164 2466 admodum

152 2491 261 2555 animo
283 2491 407 2556 turbari
426 2512 568 2576 coepere,
591 2490 678 2555 haud
697 2490 793 2554 dubie
812 2489 1030 2555 cunctabundi
1054 2490 1095 2554 ob
1118 2490 1163 2553 in·
1179 2507 1206 2548 ιι

152 2579 327 2644 solentiam
351 2579 508 2645 eiusmodi
531 2579 663 2664 proelii,
692 2578 777 2662 quod
804 2601 869 2643 una
897 2582 983 2643 esset
1012 2600 1085 2643 cum
1108 2578 1164 2642 ho·

151 2667 294 2732 minibus
319 2668 467 2733 barbaris
490 2671 524 2733 et
547 2667 729 2754 omnigenis
752 2666 867 2731 bestiis
891 2667 1091 2752 agitandum.
1126 2666 1164 2730 Id

152 2755 253 2819 animi
277 2777 387 2820 eorum
416 2778 482 2821 non
510 2757 595 2821 clam
618 2754 837 2838 Alexandrum
864 2756 936 2821 fuit.
981 2755 1067 2822 Nam
1094 2756 1165 2840 ipse

84 2857 92 2861 ’
152 2865 280 2929 quoque
311 2867 449 2910 unacum
479 2845 659 2910 bestiarum
692 2845 757 2910 ista
787 2845 934 2909 novitate
964 2846 1165 2910 movebatur.

241 2931 397 3008 Quaesita
429 2953 506 3018 ergo
539 2934 618 2998 belli
647 2933 790 3017 ratione,
822 2933 1078 2999 comminiscitur
1106 2941 1227 3016 per10.

150 3021 320 3104 astutiam,
350 3043 413 3106 quo
444 3021 574 3087 demum
602 3044 718 3109 genere
749 3021 851 3087 averli
881 3027 995 3106 posset
1024 3022 1163 3104 impetus
1178 3039 1203 3078 ιι

241 3213 319 3268 lhis
340 3213 374 3266 P.
430 3218 549 3282 sopore
568 3213 605 3268 A.
638 3212 776 3268 consideri
794 3213 830 3267 A.
886 3210 1109 3266 amilituntibas
1127 3209 1163 3265 A.

148 3281 191 3336 ita
209 3284 316 3340 addidi.
336 3284 370 3351 cf.
386 3301 416 3354 p.
431 3287 495 3351 126,
510 3290 557 3340 28.
595 3283 705 3352 4qu0d
715 3283 750 3337 A.
770 3299 825 3351 quo
836 3282 869 3336 P.
907 3282 1014 3337 tadeo
1033 3279 1119 3335 etiam
1130 3281 1163 3338 P.

150 3357 166 3406 9
184 3369 251 3408 vero
261 3354 298 3409 A.
323 3371 390 3425 ergo
400 3355 434 3409 P.
490 3360 523 3408 12
541 3353 619 3409 hisce
629 3353 664 3408 A.
673 3355 707 3408 P.
727 3353 763 3408 ab
781 3353 876 3407 hisce?
928 3359 960 3407 13
978 3353 1118 3420 temperat
1127 3352 1163 3405 A.

239 3425 269 3484 b·
290 3431 323 3479 21
345 3424 525 3481 commilitant
542 3425 577 3480 A.
607 3424 733 3479 militant
753 3425 787 3476 Ρ.
842 3429 876 3478 23
895 3421 960 3478 Pori
978 3439 1108 3477 numeros
1127 3421 1162 3479 A.

148 3511 199 3564 per
217 3494 422 3551 innumerosP.
473 3502 508 3552 24
526 3512 638 3564 unaque
650 3496 684 3550 P.
702 3510 760 3550 una
768 3495 804 3551 A.
830 3493 929 3548 bestiis
947 3494 1117 3549 memoratos
1126 3493 1162 3548 A.

149 3570 184 3620 2⁷
203 3566 360 3636 omnigenis
379 3569 415 3624 A.
444 3567 609 3638 omnigenus
629 3567 661 3622 P.
735 3571 769 3621 80
787 3580 839 3636 per
856 3581 907 3620 cm.
928 3566 961 3620 P.

965 3653 1029 3715 8²⁸:
1057 3666 1066 3714 ς
