2648 3924
165 215 207 282 88
588 212 698 267 arnan
715 211 750 268 11.

166 399 242 443 suos
266 376 300 441 id
323 397 396 442 esse
416 375 528 458 vellet,
554 375 582 440 si
604 375 678 459 pari
701 374 764 440 fide
786 375 821 439 in
844 397 878 440 se
902 396 1029 460 quoque
1053 377 1103 442 sui
1126 399 1175 442 sa·

165 466 288 532 tellites
312 468 486 529 uterentur.
681 520 683 525 ,

256 552 319 619 Sed
345 553 408 618 hoe
431 552 561 637 quidem
590 553 640 617 die
667 552 878 618 inclinatione
905 555 1034 618 tantum
1061 554 1176 621 leviter
1194 559 1227 615 X.

165 666 225 730 pro
248 641 462 708 Macedonum
489 642 638 725 partibus
667 644 831 708 ostentata
856 645 992 726 uterque
1019 645 1176 708 exercitus
1285 717 1289 725 ,

141 733 209 798 sad
237 735 345 797 eastra
371 730 515 796 discedit
564 729 709 814 Cumque
736 730 909 797 reficiendo
937 732 1064 815 corpori
1091 732 1175 797 eibo-

167 841 228 907 que
251 819 408 904 capiendo
429 820 550 900 [dedita]
570 822 688 902 essent,
710 841 823 885 rursus
846 820 929 884 alius
953 823 1084 904 satrapa
1102 819 1177 884 Ale·

166 908 288 974 xandro
318 931 352 974 se
381 906 475 974 offert
502 929 575 973 cum
598 907 768 994 dignitatis
792 907 922 993 quidem
944 908 1032 973 illius
1055 907 1177 992 profes-

167 999 266 1083 sione,
290 997 345 1062 sed
368 997 424 1080 qui
447 993 566 1062 diceret
589 1017 623 1060 se
646 997 749 1062 multa
767 1016 950 1081 magnaque
972 997 1021 1061 rei
1043 996 1178 1062 bellicae

167 1108 265 1171 opera
289 1108 348 1170 pro
371 1085 473 1150 Dario
497 1083 650 1170 gessisse,
679 1084 842 1151 enimvero
872 1085 936 1150 sibi
958 1085 1045 1150 haud
1067 1107 1178 1170 parem

127 1199 154 1241 ²⁰
168 1176 623 1329 ttldttdtttlt
646 1172 1096 1328 {tldtttffltltlttl
1109 1173 1178 1327 fit}

167 1352 262 1417 Darii
282 1355 431 1435 satrapas
449 1313 631 1422 incurs'aret
653 1356 686 1415 et
709 1354 849 1435 caperet,
871 1373 936 1416 una
954 1352 1052 1416 etiam
1071 1283 1179 1434 ipqsum

169 1461 297 1527 quoque
315 1439 452 1505 Darium
474 1440 569 1505 facile
593 1439 892 1524 comprehensurus.
929 1438 982 1503 Ad
1004 1437 1085 1503 haee
1103 1439 1178 1502 Ale-

167 1528 290 1594 xander
312 1530 430 1594 reverti
451 1528 632 1611 hominem,
660 1533 694 1593 et
716 1529 744 1594 si
769 1527 846 1613 quid
868 1527 1005 1610 valeret,
1029 1526 1179 1591 auxiliari

128 1639 154 1684 rs
168 1619 239 1704 regi
258 1640 316 1684 suc
335 1617 477 1683 mandat.
514 1615 597 1692 ‘Qua
616 1615 724 1700 enim‚'
747 1617 864 1703 inquit,
888 1615 958 1702 ‘spe
977 1615 1099 1681 alienos
1117 1615 1180 1680 tibi

167 1706 290 1860 dumis
313 1710 386 1771 tuto
410 1704 626 1771 commiserim
654 1705 740 1770 cives
768 1708 842 1770 tuos
869 1705 1081 1789 propriosque
1106 1725 1180 1789 pro-

190 1795 258 1860 enti
288 1793 298 1822 '
1017 1811 1020 1816 ’

79 1895 83 1902 “
257 1881 295 1946 Id
326 1884 436 1945 tamen
469 1880 625 1964 temporis
655 1879 824 1944 etiamtum
852 1902 903 1945 res
939 1882 1074 1946 absente
1104 1901 1181 1965 rege

167 1970 269 2036 Dario
297 1989 355 2053 per
383 1967 451 2032 eius
475 1969 624 2053 satrapas
648 1969 837 2052 agebantur.
882 1967 1070 2053 Hystaspes
1094 1970 1181 2033 deni·

128 2079 156 2122 ao
170 2081 232 2145 que
255 2060 287 2122 et
306 2056 461 2141 Spinther
480 2056 625 2121 scribunt
648 2055 732 2140 regi:
755 2054 969 2140 iampridem
993 2057 1123 2142 quidem
1147 2079 1181 2121 se

170 2168 267 2231 super
289 2145 468 2212 Alexandri
491 2145 635 2210 exercitu
657 2166 710 2229 ea,
731 2166 814 2229 quae
838 2149 1077 2229 compererant,
1099 2165 1180 2208 uun-

168 2237 284 2320 tiasse,
314 2234 477 2300 enimvero
507 2255 594 2298 nunc
622 2233 720 2318 longe
751 2232 950 2299 auctioribus
979 2233 1103 2299 viribus
1133 2234 1182 2298 iu·

169 2325 293 2392 vasisse
321 2328 449 2408 partem
476 2322 599 2388 Persici
631 2323 725 2408 regni
758 2321 969 2407 pluribusque
1001 2322 1181 2388 interfectis

171 2416 203 2479 et
226 2412 329 2498 captis
352 2432 420 2477 non
444 2411 512 2476 sine
530 2411 674 2495 periculo
699 2432 737 2475 ac
757 2411 942 2475 discrimine
961 2432 1031 2476 sese
1049 2432 1180 2490 vexare3

127 2521 156 2562 rs
171 2507 319 2586 oportere
341 2501 444 2585 igitur
471 2521 504 2564 se
533 2500 795 2583 quamprimum
823 2521 889 2565 una
916 2521 987 2565 cum
1016 2500 1105 2565 omni
1131 2521 1181 2564 ex·

170 2592 271 2656 ercitu
300 2588 341 2654 ad
371 2588 611 2672 confligendum
638 2607 708 2652 acm
730 2586 915 2662 Alexandro
942 2594 1073 2672 praesto
1102 2609 1181 2652 esse.

259 2676 322 2742 His
344 2677 464 2742 litteris
487 2675 607 2742 Darius
630 2676 772 2760 acceptis
799 2677 870 2761 ipse
893 2698 1019 2761 quoque
1043 2675 1083 2740 ad
1107 2675 1181 2739 Ale·

170 2765 329 2831 xandrum
348 2765 463 2830 scribit
484 2765 518 2829 in
536 2764 620 2831 hanc
639 2764 847 2830 sententiam:
870 2763 986 2829 ‘Video
1010 2763 1072 2828 tibi
1089 2763 1181 2828 labo·

170 2858 295 2933 ratum,
322 2874 363 2918 ne
387 2852 463 2938 quid
486 2853 631 2918 omnium
654 2853 791 2936 faceres,
820 2852 906 2937 quod
929 2853 991 2918 tibi
1014 2852 1099 2936 apud
1121 2873 1182 2917 nos

131 2963 158 3005 so
171 2943 301 3009 veniam
318 2941 533 3026 polliceretur.
574 2940 626 3006 Ita
648 2944 682 3006 et
704 2940 865 3026 adrogans
889 2940 1006 3006 litteris
1031 2945 1065 3005 et
1086 2941 1182 3005 iacta

170 3033 293 3099 bardas
315 3032 350 3094 in
372 3029 433 3094 hac
457 3027 568 3094 eadem
591 3029 775 3094 temeritate
800 3030 969 3114 exstitisti,
997 3033 1033 3093 ut
1056 3028 1182 3114 quidvis

170 3121 286 3188 horum
310 3119 350 3184 ad
374 3119 518 3184 animum
541 3139 650 3182 meum
674 3118 813 3202 venerit,
836 3117 975 3207 excitare
997 3139 1049 3182 me
1072 3118 1182 3201 potius

261 3300 275 3346 1
296 3293 325 3348 in
344 3311 374 3348 se
390 3294 448 3348 Mr.
469 3309 498 3347 se
514 3292 547 3347 P.
599 3297 615 3346 3
634 3290 680 3346 die
696 3292 753 3346 Mr.
774 3291 831 3345 diei
845 3289 879 3346 P.
930 3291 1056 3346 adedit
1075 3292 1182 3346 addidi.

172 3371 207 3419 10
225 3365 365 3433 repsatam
384 3366 413 3434 (i.
434 3381 454 3419 e.
473 3365 674 3432 repraesatam)
695 3361 728 3417 P.
752 3363 931 3431 repensatam
947 3364 1005 3417 Mr.
1044 3366 1078 3416 2⁵
1098 3378 1183 3430 quam

171 3434 292 3502 primum
314 3435 372 3489 Mr.
396 3432 651 3503 quamplurimum
672 3432 706 3488 P.
762 3438 796 3488 26
816 3449 878 3487 cum
896 3431 1055 3487 Alexandro
1074 3434 1182 3501 scripsi.

171 3503 331 3556 Alexandra
339 3505 371 3557 P.
400 3511 434 3559 28
448 3505 521 3559 hanc
531 3503 700 3559 sententiam
707 3505 766 3558 Mr.
781 3505 834 3558 hac
845 3503 1023 3560 sententiaP.
1048 3508 1082 3557 30
1096 3501 1184 3558 iacta·

172 3573 281 3625 bandus
295 3575 395 3640 scripsi
408 3575 547 3629 dubitares.
567 3574 641 3630 latus
656 3574 796 3642 radendas
812 3575 845 3628 P.
866 3573 957 3629 elatus
972 3590 1005 3630 ae
1020 3574 1112 3628 audax
1125 3573 1184 3629 Mr.
