2648 3924
160 194 223 262 152
488 232 491 237 -
573 197 683 252 LIBER
700 199 747 254 ΙΠ.

158 360 508 462 gymnosophistarum
525 361 623 425 etiam
650 383 709 444 per
741 360 946 425 clementiam
976 360 1168 444 laudatiora,

158 449 276 533 quippe
303 471 383 533 quos
411 448 544 514 siverim
572 469 668 533 agere
700 450 734 512 in
766 470 844 533 pace
878 469 915 512 ac
944 451 1011 512 suis
1039 449 1169 532 legibus

157 538 367 622 moribusque
391 536 587 603 donaverim.
625 537 718 614 Quod
742 539 770 602 si
788 537 879 601 vobis
903 537 989 601 haud
1009 537 1168 620 displicet,

158 626 294 708 accipite
317 647 376 690 nor
395 626 459 690 isto
478 627 645 690 venientes
669 629 711 710 et,
734 626 819 710 quod
843 629 894 690 est
918 625 1081 691 amicitiae
1100 648 1169 690 mu-

131 735 227 800 tnus,
247 714 307 779 diis
327 714 505 779 sacrificate
523 736 583 798 pro
602 714 697 779 nobis
716 715 792 792 iam,
815 714 934 798 quippe
953 715 1047 779 vobis
1067 714 1170 778 aderi-

157 827 237 868 mus.
272 803 317 867 At
334 825 392 867 vos
410 802 508 867 velim
528 803 659 868 obviare
677 804 771 868 nobis
792 803 900 867 animo
916 806 1077 887 gratante,
1096 824 1169 867 cum

159 892 198 956 ad
218 892 394 958 amicitiam
413 892 475 954 iter
493 890 588 973 istud,
606 912 673 956 non
692 892 731 956 ad
745 892 923 975 periculum
944 891 988 955 sit
1001 889 1167 955 futurum?

159 981 210 1045 Ad
232 981 314 1044 haec
337 978 519 1043 Amazones
543 980 752 1064 respondere:
961 1015 964 1022 ·
1188 989 1237 1040 70.

247 1066 306 1133 45.
331 1067 404 1131 ‘Vel
422 1066 555 1132 fiduciae
578 1090 695 1132 munus
720 1071 770 1133 est
793 1068 844 1132 vel
862 1067 1034 1150 libertatis,
1058 1067 1168 1130 omnia

120 1180 145 1219 ιο
159 1158 230 1239 tibi,
248 1177 313 1240 rex,
332 1155 481 1237 scribere,
501 1177 582 1239 quae
596 1177 695 1239 penes
713 1178 773 1221 nos
793 1157 867 1239 sint,
885 1177 951 1220 non
972 1155 1056 1239 quod
1070 1155 1168 1218 fidem

158 1246 288 1330 scriptis
312 1245 446 1328 deroget
473 1243 541 1306 ulla
569 1244 723 1329 suspicio,
751 1244 806 1309 sed
834 1247 872 1308 ut
894 1244 1020 1327 plenius
1042 1265 1169 1327 noscaS,

158 1333 273 1417 ecquid
306 1331 412 1417 operis
441 1331 539 1414 pretii
573 1332 617 1397 sit
649 1332 718 1417 his,
754 1333 933 1417 quicunque
965 1330 1078 1395 hostili
1107 1331 1169 1395 fer-

157 1443 234 1486 vore
262 1421 297 1484 in
324 1442 383 1485 nos
407 1419 540 1503 cupiant
563 1421 710 1486 militare.
758 1419 937 1486 Commune
966 1421 1085 1503 quippe
1110 1419 1169 1482 hu-

158 1509 327 1574 manitatis
352 1508 493 1575 studium
517 1530 588 1573 esse
612 1510 821 1588 arbitramur,
844 1509 879 1572 in
902 1529 1048 1592 quaeque
1071 1507 1170 1571 dubia

118 1618 143 1660 15
158 1620 292 1664 ausuros
310 1597 392 1663 nihil
411 1598 500 1681 prius
520 1619 616 1682 quam
636 1599 890 1663 emolumentum
909 1597 1029 1661 laboris
1049 1596 1170 1659 intueri

159 1690 316 1770 oportere.
369 1684 459 1751 Scito
489 1687 592 1771 igitur
621 1688 762 1771 primum
795 1685 898 1751 colere
928 1707 988 1750 nos
1020 1685 1170 1749 interam-

157 1797 289 1857 nanum,
312 1774 510 1838 Amazonico
534 1773 665 1839 flumine
688 1775 794 1840 locum
819 1794 1042 1856 omnemque
1066 1772 1170 1837 consi·

126 1905 129 1914 .
159 1864 282 1945 stimus,
305 1861 476 1940 ambiente,
500 1883 537 1926 eo
560 1862 674 1926 fluenti
692 1863 821 1927 circiter
840 1862 957 1944 spatie,
980 1864 1017 1924 ut
1039 1883 1104 1924 una
1127 1861 1170 1924 sit

159 1950 322 2032 aditicula,
345 1970 445 2032 eaque
466 1952 519 2014 vix
542 1949 665 2014 adcolis
688 1954 775 2033 nota,
798 1972 862 2034 qua
883 1954 1009 2032 septum
1027 1947 1170 2013 fluminis

118 2059 144 2098 ao
157 2039 209 2103 vel
233 2038 376 2121 inrumpi
399 2040 549 2120 oporteat
572 2039 624 2103 vel
647 2040 782 2122 emergi,
811 2039 941 2122 eiusque
971 2037 1054 2101 alvei
1077 2039 1169 2101 tanta

159 2132 208 2190 est
223 2125 407 2207 difficultas,
426 2131 549 2211 quanta
569 2147 629 2191 nos
649 2149 668 2190 a
686 2127 853 2211 quibusvis
867 2126 1018 2210 periculis
1031 2129 1168 2190 tueatur.

159 2213 231 2279 Hoc
261 2214 362 2298 igitur
390 2215 520 2280 tantillo
551 2216 585 2279 in
614 2216 686 2280 loco
718 2215 855 2280 ducenta
885 2215 976 2278 milia
1005 2215 1167 2296 virginum
1188 2223 1234 2276 71.

159 2304 300 2385 coimus,
322 2303 411 2368 nullo
435 2305 566 2368 omnino
590 2305 673 2368 mari
692 2326 771 2369 sexu
789 2303 1014 2385 interpolatae.
1057 2301 1169 2366 Enim-

158 2413 235 2455 vero
265 2391 368 2456 sicubi
396 2393 491 2456 nobis
521 2392 560 2456 ad
589 2396 741 2456 naturam
765 2397 815 2457 cst
838 2389 1083 2474 consulendum,
1113 2412 1169 2453 an-

117 2498 143 2540 as
156 2501 256 2543 nuum
280 2501 406 2543 sacrum
430 2483 487 2562 est,
514 2481 599 2564 quod
617 2481 842 2565 hippophonia
860 2479 1051 2543 vocitamus.
1089 2477 1169 2541 llius

158 2569 243 2632 sacri
261 2589 358 2632 causa
377 2567 417 2631 ad
436 2590 541 2634 mares
560 2575 702 2653 nostros,
723 2569 779 2654 qui
797 2568 885 2632 ultra
904 2589 1032 2631 amnem
1052 2567 1169 2630 extrin-

163 2677 253 2720 secus
277 2655 498 2740 perpalantur,
522 2679 634 2722 omnes
658 2658 758 2722 ferme
780 2655 956 2720 transimus
980 2659 1076 2739 atquc
1100 2654 1169 2718 illic

212 2952 216 2962 .
251 2903 265 2951 1
285 2897 427 2953 laudatior
435 2899 521 2955 Mai’.
559 2906 575 2954 2
596 2917 678 2970 agere
695 2900 725 2954 in
738 2899 855 2968 paeeP.
870 2914 951 2967 maga
971 2916 1034 2952 cum
1053 2913 1121 2968 pace
1132 2898 1168 2953 A.

157 2974 244 3024 Auos
263 2970 299 3025 A.
328 2984 378 3023 vos
399 2970 433 3023 P.
506 2971 622 3026 duobis
640 2973 676 3025 A.
705 2968 786 3025 vobis
807 2971 841 3022 P.

245 3039 295 3096 45.
324 3044 358 3093 10
378 3057 448 3108 pene
469 3042 503 3095 A.
584 3048 616 3094 12
636 3041 714 3108 operi
732 3040 768 3094 A.
843 3045 875 3094 15
895 3039 1114 3094 emolumentum
1132 3038 1168 3094 A.

157 3112 328 3166 emulantum
343 3110 377 3166 P.
417 3117 449 3166 17
468 3112 639 3166 Amazonico
655 3112 710 3166 Mr.
734 3128 752 3165 a
769 3110 980 3165 machonicoA.
987 3111 1020 3164 P.
1060 3115 1091 3163 18
1110 3127 1169 3162 am-

155 3182 280 3237 bientem
303 3197 371 3236 corr.
397 3198 430 3236 cc
453 3181 594 3236 ambiente
618 3184 654 3236 A.
689 3181 844 3265 spatioque
859 3181 892 3235 ut
915 3181 948 3235 P.
982 3179 1072 3249 spatio
1096 3195 1169 3248 qnae

155 3257 188 3307 ut
205 3253 241 3307 A
287 3259 319 3307 19
339 3269 395 3321 qua
412 3252 448 3307 A
476 3269 529 3322 quc
549 3255 582 3309 P.
616 3256 726 3322 septum
744 3255 858 3321 scripsi;
880 3253 986 3320 septem
1005 3252 1040 3305 A.
1049 3252 1082 3304 P.
1110 3249 1169 3305 vim

155 3342 200 3408 (=
210 3339 260 3407 Vl)
276 3342 348 3395 Keil.
381 3339 502 3396 fluminis
521 3358 590 3396 corr.
610 3343 641 3395 ia
659 3341 775 3395 flumina
789 3342 824 3394 A.
880 3345 913 3394 20
932 3337 1005 3393 vel
996 3335 1107 3406 mrump
1109 3338 1167 3392 iA.

154 3410 278 3478 inrumpi
303 3412 336 3464 P.
416 3418 450 3465 23
474 3413 559 3466 maris
583 3413 663 3480 (corr.
687 3429 720 3466 ec
743 3409 825 3476 mari)
850 3426 917 3462 sexu
939 3408 1108 3478 interpolato
1132 3408 1168 3462 A.

154 3479 241 3532 maris
264 3497 345 3533 sexus
368 3481 537 3550 interpolate
561 3483 594 3536 P
676 3485 711 3536 25
730 3479 925 3549 hippophonia
943 3480 1000 3536 Mr.
1026 3480 1170 3557 ippofama

155 3549 233 3602 A..P
306 3555 340 3602 26
359 3550 432 3604 ultro
452 3552 486 3604 A.
561 3557 594 3604 27
613 3552 847 3620 perpelanturA
