<?xml version="1.0" encoding="UTF-8"?>
<!DOCTYPE html PUBLIC "-//W3C//DTD XHTML 1.0 Transitional//EN"
    "http://www.w3.org/TR/xhtml1/DTD/xhtml1-transitional.dtd">
<html xmlns="http://www.w3.org/1999/xhtml" xml:lang="en" lang="en">
 <head>
  <title>
</title>
<meta http-equiv="Content-Type" content="text/html;charset=utf-8" />
  <meta name='ocr-system' content='tesseract 3.04.00' />
  <meta name='ocr-capabilities' content='ocr_page ocr_carea ocr_par ocr_line ocrx_word'/>
</head>
<body>
  <div class='ocr_page' id='page_1' title='image "./iulivalerialexa00kbgoog_0162.png"; bbox 0 0 2650 3920; ppageno 0'>
   <div class='ocr_carea' id='block_1_1' title="bbox 472 211 1165 279">
    <p class='ocr_par' dir='ltr' id='par_1_1' title="bbox 472 211 1165 279">
     <span class='ocr_line' id='line_1_1' title="bbox 472 211 1165 279; baseline 0.014 -10"><span class='ocrx_word' id='word_1_1' title='bbox 472 211 602 269; x_wconf 82' lang='lat' dir='ltr'>OBITUS</span> <span class='ocrx_word' id='word_1_2' title='bbox 621 211 842 269; x_wconf 78' lang='lat' dir='ltr'><strong>ALEXANDRI.</strong></span> <span class='ocrx_word' id='word_1_3' title='bbox 1100 215 1165 279; x_wconf 78' lang='grc'><strong>125</strong></span> 
     </span>
    </p>
   </div>
   <div class='ocr_carea' id='block_1_2' title="bbox 148 375 1165 642">
    <p class='ocr_par' dir='ltr' id='par_1_2' title="bbox 148 375 1165 642">
     <span class='ocr_line' id='line_1_2' title="bbox 148 375 1164 462; baseline -0.001 -19"><span class='ocrx_word' id='word_1_4' title='bbox 148 380 259 444; x_wconf 88' lang='lat' dir='ltr'><strong>culum</strong></span> <span class='ocrx_word' id='word_1_5' title='bbox 291 377 519 461; x_wconf 77' lang='lat' dir='ltr'><strong>properarent,</strong></span> <span class='ocrx_word' id='word_1_6' title='bbox 553 375 672 440; x_wconf 92' lang='lat' dir='ltr'><strong>Philon</strong></span> <span class='ocrx_word' id='word_1_7' title='bbox 708 376 830 442; x_wconf 89' lang='lat' dir='ltr'><strong>scilicet</strong></span> <span class='ocrx_word' id='word_1_8' title='bbox 863 381 897 442; x_wconf 89' lang='lat' dir='ltr'><strong>et</strong></span> <span class='ocrx_word' id='word_1_9' title='bbox 929 377 1164 462; x_wconf 79' lang='lat' dir='ltr'>Hephaestion,</span> 
     </span>
     <span class='ocr_line' id='line_1_3' title="bbox 150 465 1165 552; baseline 0 -20"><span class='ocrx_word' id='word_1_10' title='bbox 150 467 304 532; x_wconf 74' lang='lat' dir='ltr'><strong>Craterus</strong></span> <span class='ocrx_word' id='word_1_11' title='bbox 325 487 453 550; x_wconf 91' lang='lat' dir='ltr'><strong>quoque</strong></span> <span class='ocrx_word' id='word_1_12' title='bbox 471 465 630 550; x_wconf 88' lang='lat' dir='ltr'><strong>multique</strong></span> <span class='ocrx_word' id='word_1_13' title='bbox 650 465 722 546; x_wconf 89' lang='lat' dir='ltr'><strong>alii,</strong></span> <span class='ocrx_word' id='word_1_14' title='bbox 738 465 867 530; x_wconf 87' lang='lat' dir='ltr'><strong>obstitit</strong></span> <span class='ocrx_word' id='word_1_15' title='bbox 885 466 1004 531; x_wconf 90' lang='lat' dir='ltr'><strong>Philon</strong></span> <span class='ocrx_word' id='word_1_16' title='bbox 1026 489 1063 532; x_wconf 90' lang='lat' dir='ltr'><strong>ae</strong></span> <span class='ocrx_word' id='word_1_17' title='bbox 1081 469 1165 552; x_wconf 89' lang='lat' dir='ltr'><strong>peri-</strong></span> 
     </span>
     <span class='ocr_line' id='line_1_4' title="bbox 149 553 1163 642; baseline 0 -21"><span class='ocrx_word' id='word_1_18' title='bbox 149 557 260 621; x_wconf 89' lang='lat' dir='ltr'><strong>culum</strong></span> <span class='ocrx_word' id='word_1_19' title='bbox 289 554 370 619; x_wconf 90' lang='lat' dir='ltr'><strong>illud</strong></span> <span class='ocrx_word' id='word_1_20' title='bbox 401 553 552 619; x_wconf 82' lang='lat' dir='ltr'>visendae</span> <span class='ocrx_word' id='word_1_21' title='bbox 582 554 740 618; x_wconf 83' lang='lat' dir='ltr'><strong>novitatis</strong></span> <span class='ocrx_word' id='word_1_22' title='bbox 770 575 837 619; x_wconf 91' lang='lat' dir='ltr'><strong>non</strong></span> <span class='ocrx_word' id='word_1_23' title='bbox 866 554 1007 638; x_wconf 88' lang='lat' dir='ltr'><strong>primum</strong></span> <span class='ocrx_word' id='word_1_24' title='bbox 1038 579 1057 620; x_wconf 91' lang='lat' dir='ltr'><strong>a</strong></span> <span class='ocrx_word' id='word_1_25' title='bbox 1087 577 1163 642; x_wconf 80' lang='lat' dir='ltr'><strong>rege</strong></span> 
     </span>
    </p>
   </div>
   <div class='ocr_carea' id='block_1_3' title="bbox 147 642 1229 2853">
    <p class='ocr_par' dir='ltr' id='par_1_3' title="bbox 147 642 1204 1347">
     <span class='ocr_line' id='line_1_5' title="bbox 150 642 1164 727; baseline 0.001 -18"><span class='ocrx_word' id='word_1_26' title='bbox 150 643 342 727; x_wconf 85' lang='lat' dir='ltr'><strong>faciendum,</strong></span> <span class='ocrx_word' id='word_1_27' title='bbox 361 664 474 708; x_wconf 82' lang='lat' dir='ltr'><strong>verum</strong></span> <span class='ocrx_word' id='word_1_28' title='bbox 494 665 513 707; x_wconf 91' lang='lat' dir='ltr'><strong>a</strong></span> <span class='ocrx_word' id='word_1_29' title='bbox 532 642 676 708; x_wconf 87' lang='lat' dir='ltr'><strong>semodo</strong></span> <span class='ocrx_word' id='word_1_30' title='bbox 692 643 823 727; x_wconf 90' lang='lat' dir='ltr'><strong>suisque</strong></span> <span class='ocrx_word' id='word_1_31' title='bbox 840 642 1011 727; x_wconf 87' lang='lat' dir='ltr'><strong>similibus,</strong></span> <span class='ocrx_word' id='word_1_32' title='bbox 1030 645 1164 710; x_wconf 84' lang='lat' dir='ltr'><strong>suadere</strong></span> 
     </span>
     <span class='ocr_line' id='line_1_6' title="bbox 149 730 1198 818; baseline -0.003 -21"><span class='ocrx_word' id='word_1_33' title='bbox 149 732 305 818; x_wconf 70' lang='lat' dir='ltr'><strong>persistit.</strong></span> <span class='ocrx_word' id='word_1_34' title='bbox 359 730 486 817; x_wconf 81' lang='lat' dir='ltr'><strong>Quippe</strong></span> <span class='ocrx_word' id='word_1_35' title='bbox 516 731 656 814; x_wconf 85' lang='lat' dir='ltr'><strong>amplius</strong></span> <span class='ocrx_word' id='word_1_36' title='bbox 687 730 811 816; x_wconf 90' lang='lat' dir='ltr'><strong>aliquid</strong></span> <span class='ocrx_word' id='word_1_37' title='bbox 840 731 875 796; x_wconf 91' lang='lat' dir='ltr'><strong>in</strong></span> <span class='ocrx_word' id='word_1_38' title='bbox 905 731 994 796; x_wconf 90' lang='lat' dir='ltr'><strong>hisce</strong></span> <span class='ocrx_word' id='word_1_39' title='bbox 1024 733 1198 816; x_wconf 77' lang='lat' dir='ltr'><strong>regioni-5</strong></span> 
     </span>
     <span class='ocr_line' id='line_1_7' title="bbox 151 819 1164 903; baseline -0.002 -17"><span class='ocrx_word' id='word_1_40' title='bbox 151 823 211 886; x_wconf 86' lang='lat' dir='ltr'><strong>bue</strong></span> <span class='ocrx_word' id='word_1_41' title='bbox 236 819 486 898; x_wconf 86' lang='lat' dir='ltr'><strong>formidandum,</strong></span> <span class='ocrx_word' id='word_1_42' title='bbox 509 821 544 886; x_wconf 90' lang='lat' dir='ltr'><strong>in</strong></span> <span class='ocrx_word' id='word_1_43' title='bbox 568 821 684 903; x_wconf 89' lang='lat' dir='ltr'><strong>quibus</strong></span> <span class='ocrx_word' id='word_1_44' title='bbox 708 820 883 885; x_wconf 82' lang='lat' dir='ltr'><strong>viderimus</strong></span> <span class='ocrx_word' id='word_1_45' title='bbox 906 820 1076 885; x_wconf 90' lang='lat' dir='ltr'><strong>hominum</strong></span> <span class='ocrx_word' id='word_1_46' title='bbox 1100 821 1164 885; x_wconf 86' lang='lat' dir='ltr'><strong>for·</strong></span> 
     </span>
     <span class='ocr_line' id='line_1_8' title="bbox 150 909 1165 994; baseline 0 -20"><span class='ocrx_word' id='word_1_47' title='bbox 150 933 221 974; x_wconf 88' lang='lat' dir='ltr'><strong>mas</strong></span> <span class='ocrx_word' id='word_1_48' title='bbox 245 909 284 974; x_wconf 91' lang='lat' dir='ltr'><strong>de</strong></span> <span class='ocrx_word' id='word_1_49' title='bbox 308 911 481 992; x_wconf 85' lang='lat' dir='ltr'><strong>conspectu</strong></span> <span class='ocrx_word' id='word_1_50' title='bbox 499 913 612 974; x_wconf 91' lang='lat' dir='ltr'><strong>nostro</strong></span> <span class='ocrx_word' id='word_1_51' title='bbox 632 909 726 974; x_wconf 90' lang='lat' dir='ltr'><strong>facile</strong></span> <span class='ocrx_word' id='word_1_52' title='bbox 750 909 927 994; x_wconf 80' lang='lat' dir='ltr'><strong>evanuisse,</strong></span> <span class='ocrx_word' id='word_1_53' title='bbox 949 931 1013 973; x_wconf 92' lang='lat' dir='ltr'><strong>neu</strong></span> <span class='ocrx_word' id='word_1_54' title='bbox 1038 909 1165 991; x_wconf 91' lang='lat' dir='ltr'><strong>siquid</strong></span> 
     </span>
     <span class='ocr_line' id='line_1_9' title="bbox 152 997 1166 1082; baseline -0.002 -18"><span class='ocrx_word' id='word_1_55' title='bbox 152 1021 246 1064; x_wconf 88' lang='lat' dir='ltr'><strong>secus</strong></span> <span class='ocrx_word' id='word_1_56' title='bbox 270 1001 368 1082; x_wconf 85' lang='lat' dir='ltr'><strong>atque</strong></span> <span class='ocrx_word' id='word_1_57' title='bbox 395 1000 432 1061; x_wconf 92' lang='lat' dir='ltr'><strong>ut</strong></span> <span class='ocrx_word' id='word_1_58' title='bbox 459 1000 669 1081; x_wconf 85' lang='lat' dir='ltr'><strong>speraverant</strong></span> <span class='ocrx_word' id='word_1_59' title='bbox 690 997 961 1079; x_wconf 78' lang='lat' dir='ltr'><strong>incommodaret,</strong></span> <span class='ocrx_word' id='word_1_60' title='bbox 989 997 1059 1062; x_wconf 89' lang='lat' dir='ltr'><strong>eius</strong></span> <span class='ocrx_word' id='word_1_61' title='bbox 1081 999 1166 1082; x_wconf 89' lang='lat' dir='ltr'><strong>peri-</strong></span> 
     </span>
     <span class='ocr_line' id='line_1_10' title="bbox 147 1084 1164 1171; baseline -0.003 -18"><span class='ocrx_word' id='word_1_62' title='bbox 147 1088 216 1154; x_wconf 84' lang='lat' dir='ltr'><strong>culi</strong></span> <span class='ocrx_word' id='word_1_63' title='bbox 244 1087 338 1150; x_wconf 86' lang='lat' dir='ltr'><strong>fieret</strong></span> <span class='ocrx_word' id='word_1_64' title='bbox 368 1085 407 1149; x_wconf 91' lang='lat' dir='ltr'><strong>de</strong></span> <span class='ocrx_word' id='word_1_65' title='bbox 436 1107 513 1171; x_wconf 85' lang='lat' dir='ltr'><strong>rege</strong></span> <span class='ocrx_word' id='word_1_66' title='bbox 543 1086 748 1170; x_wconf 91' lang='lat' dir='ltr'><strong>principium.</strong></span> <span class='ocrx_word' id='word_1_67' title='bbox 801 1084 877 1152; x_wconf 83' lang='lat' dir='ltr'><strong>Sese</strong></span> <span class='ocrx_word' id='word_1_68' title='bbox 910 1087 1011 1171; x_wconf 84' lang='lat' dir='ltr'><strong>igitur</strong></span> <span class='ocrx_word' id='word_1_69' title='bbox 1042 1087 1164 1151; x_wconf 88' lang='lat' dir='ltr'><strong>iturum</strong></span> 
     </span>
     <span class='ocr_line' id='line_1_11' title="bbox 151 1174 1204 1260; baseline -0.005 -20"><span class='ocrx_word' id='word_1_70' title='bbox 151 1197 221 1241; x_wconf 90' lang='lat' dir='ltr'><strong>esse</strong></span> <span class='ocrx_word' id='word_1_71' title='bbox 245 1174 416 1240; x_wconf 89' lang='lat' dir='ltr'><strong>confirmet</strong></span> <span class='ocrx_word' id='word_1_72' title='bbox 439 1197 486 1258; x_wconf 89' lang='lat' dir='ltr'><strong>ac,</strong></span> <span class='ocrx_word' id='word_1_73' title='bbox 509 1174 539 1239; x_wconf 87' lang='lat' dir='ltr'><strong>si</strong></span> <span class='ocrx_word' id='word_1_74' title='bbox 562 1175 741 1260; x_wconf 83' lang='lat' dir='ltr'><strong>exploratio</strong></span> <span class='ocrx_word' id='word_1_75' title='bbox 766 1175 984 1255; x_wconf 83' lang='lat' dir='ltr'><strong>secundaeset,</strong></span> <span class='ocrx_word' id='word_1_76' title='bbox 1007 1179 1085 1239; x_wconf 89' lang='lat' dir='ltr'><strong>tunc</strong></span> <span class='ocrx_word' id='word_1_77' title='bbox 1109 1175 1163 1239; x_wconf 88' lang='lat' dir='ltr'><strong>de·</strong></span> <span class='ocrx_word' id='word_1_78' title='bbox 1178 1195 1204 1234; x_wconf 77' lang='grc' dir='ltr'><strong>ιο</strong></span> 
     </span>
     <span class='ocr_line' id='line_1_12' title="bbox 150 1263 789 1347; baseline -0.002 -18"><span class='ocrx_word' id='word_1_79' title='bbox 150 1287 239 1329; x_wconf 89' lang='lat' dir='ltr'><strong>mum</strong></span> <span class='ocrx_word' id='word_1_80' title='bbox 262 1285 321 1328; x_wconf 91' lang='lat' dir='ltr'><strong>nos</strong></span> <span class='ocrx_word' id='word_1_81' title='bbox 344 1266 416 1327; x_wconf 90' lang='lat' dir='ltr'><strong>tuto</strong></span> <span class='ocrx_word' id='word_1_82' title='bbox 439 1285 535 1347; x_wconf 88' lang='lat' dir='ltr'><strong>posse</strong></span> <span class='ocrx_word' id='word_1_83' title='bbox 558 1263 789 1328; x_wconf 86' lang='lat' dir='ltr'><strong>transmittere.</strong></span> 
     </span>
    </p>

    <p class='ocr_par' dir='ltr' id='par_1_4' title="bbox 148 1349 1229 2853">
     <span class='ocr_line' id='line_1_13' title="bbox 241 1349 1229 1437; baseline -0.006 -19"><span class='ocrx_word' id='word_1_84' title='bbox 241 1350 298 1418; x_wconf 82' lang='lat'><strong>16.</strong></span> <span class='ocrx_word' id='word_1_85' title='bbox 323 1349 420 1416; x_wconf 80' lang='lat' dir='ltr'><strong>Sedet</strong></span> <span class='ocrx_word' id='word_1_86' title='bbox 443 1353 603 1416; x_wconf 88' lang='lat' dir='ltr'><strong>sententia</strong></span> <span class='ocrx_word' id='word_1_87' title='bbox 622 1352 855 1436; x_wconf 87' lang='lat' dir='ltr'><strong>persuadentis,</strong></span> <span class='ocrx_word' id='word_1_88' title='bbox 879 1356 975 1437; x_wconf 87' lang='lat' dir='ltr'><strong>atque</strong></span> <span class='ocrx_word' id='word_1_89' title='bbox 998 1353 1045 1417; x_wconf 85' lang='lat' dir='ltr'><strong>ita</strong></span> <span class='ocrx_word' id='word_1_90' title='bbox 1068 1353 1161 1417; x_wconf 88' lang='lat' dir='ltr'><strong>iussi·</strong></span> <span class='ocrx_word' id='word_1_91' title='bbox 1180 1361 1229 1412; x_wconf 82' lang='lat'><strong>26.</strong></span> 
     </span>
     <span class='ocr_line' id='line_1_14' title="bbox 151 1437 1164 1524; baseline -0.002 -17"><span class='ocrx_word' id='word_1_92' title='bbox 151 1464 223 1507; x_wconf 89' lang='lat' dir='ltr'><strong>mus</strong></span> <span class='ocrx_word' id='word_1_93' title='bbox 251 1441 330 1506; x_wconf 93' lang='lat' dir='ltr'><strong>fieri.</strong></span> <span class='ocrx_word' id='word_1_94' title='bbox 377 1437 570 1504; x_wconf 84' lang='lat' dir='ltr'><strong>Oonsceneis</strong></span> <span class='ocrx_word' id='word_1_95' title='bbox 599 1459 676 1523; x_wconf 85' lang='lat' dir='ltr'><strong>ergo</strong></span> <span class='ocrx_word' id='word_1_96' title='bbox 704 1441 842 1505; x_wconf 86' lang='lat' dir='ltr'><strong>navibus</strong></span> <span class='ocrx_word' id='word_1_97' title='bbox 870 1440 1021 1524; x_wconf 88' lang='lat' dir='ltr'><strong>protinus</strong></span> <span class='ocrx_word' id='word_1_98' title='bbox 1048 1442 1096 1506; x_wconf 91' lang='lat' dir='ltr'><strong>ire</strong></span> <span class='ocrx_word' id='word_1_99' title='bbox 1124 1442 1164 1505; x_wconf 89' lang='lat' dir='ltr'><strong>ad</strong></span> 
     </span>
     <span class='ocr_line' id='line_1_15' title="bbox 149 1528 1172 1613; baseline -0.003 -18"><span class='ocrx_word' id='word_1_100' title='bbox 149 1531 290 1595; x_wconf 89' lang='lat' dir='ltr'><strong>insulam</strong></span> <span class='ocrx_word' id='word_1_101' title='bbox 309 1528 456 1612; x_wconf 89' lang='lat' dir='ltr'><strong>tendunt,</strong></span> <span class='ocrx_word' id='word_1_102' title='bbox 480 1549 562 1612; x_wconf 87' lang='lat' dir='ltr'><strong>quae</strong></span> <span class='ocrx_word' id='word_1_103' title='bbox 582 1528 728 1612; x_wconf 84' lang='lat' dir='ltr'><strong>quamvis</strong></span> <span class='ocrx_word' id='word_1_104' title='bbox 747 1532 882 1613; x_wconf 90' lang='lat' dir='ltr'><strong>propter</strong></span> <span class='ocrx_word' id='word_1_105' title='bbox 907 1529 1038 1594; x_wconf 84' lang='lat' dir='ltr'><strong>obviare</strong></span> <span class='ocrx_word' id='word_1_106' title='bbox 1062 1531 1172 1611; x_wconf 74' lang='lat' dir='ltr'><strong>oculis¹</strong></span> 
     </span>
     <span class='ocr_line' id='line_1_16' title="bbox 149 1617 1205 1702; baseline -0.003 -18"><span class='ocrx_word' id='word_1_107' title='bbox 149 1619 322 1702; x_wconf 88' lang='lat' dir='ltr'><strong>videretur,</strong></span> <span class='ocrx_word' id='word_1_108' title='bbox 346 1617 385 1681; x_wconf 91' lang='lat' dir='ltr'><strong>ad</strong></span> <span class='ocrx_word' id='word_1_109' title='bbox 410 1617 556 1701; x_wconf 80' lang='lat' dir='ltr'><strong>integrae</strong></span> <span class='ocrx_word' id='word_1_110' title='bbox 575 1617 674 1681; x_wconf 89' lang='lat' dir='ltr'><strong>horae</strong></span> <span class='ocrx_word' id='word_1_111' title='bbox 695 1621 805 1680; x_wconf 89' lang='lat' dir='ltr'><strong>tamen</strong></span> <span class='ocrx_word' id='word_1_112' title='bbox 829 1617 970 1701; x_wconf 90' lang='lat' dir='ltr'><strong>spatium</strong></span> <span class='ocrx_word' id='word_1_113' title='bbox 995 1639 1163 1700; x_wconf 89' lang='lat' dir='ltr'><strong>consump·</strong></span> <span class='ocrx_word' id='word_1_114' title='bbox 1178 1635 1205 1676; x_wconf 70' lang='lat'><strong>15</strong></span> 
     </span>
     <span class='ocr_line' id='line_1_17' title="bbox 149 1704 1164 1791; baseline -0.003 -19"><span class='ocrx_word' id='word_1_115' title='bbox 149 1710 261 1772; x_wconf 85' lang='lat' dir='ltr'><strong>serant</strong></span> <span class='ocrx_word' id='word_1_116' title='bbox 292 1704 487 1791; x_wconf 82' lang='lat' dir='ltr'><strong>navigando.</strong></span> <span class='ocrx_word' id='word_1_117' title='bbox 533 1705 677 1770; x_wconf 84' lang='lat' dir='ltr'><strong>Tandem</strong></span> <span class='ocrx_word' id='word_1_118' title='bbox 709 1709 785 1770; x_wconf 89' lang='lat' dir='ltr'><strong>sunt</strong></span> <span class='ocrx_word' id='word_1_119' title='bbox 816 1705 880 1771; x_wconf 87' lang='lat' dir='ltr'><strong>visi</strong></span> <span class='ocrx_word' id='word_1_120' title='bbox 912 1705 1038 1770; x_wconf 90' lang='lat' dir='ltr'><strong>insulae</strong></span> <span class='ocrx_word' id='word_1_121' title='bbox 1072 1705 1164 1770; x_wconf 87' lang='lat' dir='ltr'><strong>insti-</strong></span> 
     </span>
     <span class='ocr_line' id='line_1_18' title="bbox 148 1791 1165 1879; baseline -0.001 -20"><span class='ocrx_word' id='word_1_122' title='bbox 148 1796 239 1859; x_wconf 88' lang='lat' dir='ltr'><strong>tisse.</strong></span> <span class='ocrx_word' id='word_1_123' title='bbox 290 1791 353 1858; x_wconf 81' lang='lat' dir='ltr'><strong>Sed</strong></span> <span class='ocrx_word' id='word_1_124' title='bbox 380 1793 437 1858; x_wconf 93' lang='lat' dir='ltr'><strong>ubi</strong></span> <span class='ocrx_word' id='word_1_125' title='bbox 465 1797 593 1879; x_wconf 81' lang='lat' dir='ltr'><strong>gestum</strong></span> <span class='ocrx_word' id='word_1_126' title='bbox 621 1797 682 1876; x_wconf 90' lang='lat' dir='ltr'><strong>est,</strong></span> <span class='ocrx_word' id='word_1_127' title='bbox 713 1815 808 1858; x_wconf 93' lang='lat' dir='ltr'><strong>omne</strong></span> <span class='ocrx_word' id='word_1_128' title='bbox 836 1794 870 1859; x_wconf 91' lang='lat' dir='ltr'><strong>id</strong></span> <span class='ocrx_word' id='word_1_129' title='bbox 899 1795 1003 1859; x_wconf 89' lang='lat' dir='ltr'><strong>solum</strong></span> <span class='ocrx_word' id='word_1_130' title='bbox 1032 1798 1165 1877; x_wconf 90' lang='lat' dir='ltr'><strong>repente</strong></span> 
     </span>
     <span class='ocr_line' id='line_1_19' title="bbox 149 1882 1165 1967; baseline -0.002 -19"><span class='ocrx_word' id='word_1_131' title='bbox 149 1905 311 1949; x_wconf 89' lang='lat' dir='ltr'><strong>unacum</strong></span> <span class='ocrx_word' id='word_1_132' title='bbox 334 1882 413 1948; x_wconf 84' lang='lat' dir='ltr'><strong>viris</strong></span> <span class='ocrx_word' id='word_1_133' title='bbox 438 1888 471 1946; x_wconf 89' lang='lat' dir='ltr'><strong>et</strong></span> <span class='ocrx_word' id='word_1_134' title='bbox 493 1883 675 1967; x_wconf 86' lang='lat' dir='ltr'><strong>sepulchre,</strong></span> <span class='ocrx_word' id='word_1_135' title='bbox 699 1883 784 1967; x_wconf 89' lang='lat' dir='ltr'><strong>quod</strong></span> <span class='ocrx_word' id='word_1_136' title='bbox 811 1883 991 1966; x_wconf 82' lang='lat' dir='ltr'><strong>visebatur,</strong></span> <span class='ocrx_word' id='word_1_137' title='bbox 1020 1885 1165 1948; x_wconf 89' lang='lat' dir='ltr'><strong>submer-</strong></span> 
     </span>
     <span class='ocr_line' id='line_1_20' title="bbox 149 1970 1165 2056; baseline -0.001 -19"><span class='ocrx_word' id='word_1_138' title='bbox 149 1973 216 2038; x_wconf 87' lang='lat' dir='ltr'><strong>sari</strong></span> <span class='ocrx_word' id='word_1_139' title='bbox 247 1971 330 2036; x_wconf 89' lang='lat' dir='ltr'><strong>mari</strong></span> <span class='ocrx_word' id='word_1_140' title='bbox 357 1975 390 2035; x_wconf 90' lang='lat' dir='ltr'><strong>et</strong></span> <span class='ocrx_word' id='word_1_141' title='bbox 420 1971 454 2035; x_wconf 90' lang='lat' dir='ltr'><strong>in</strong></span> <span class='ocrx_word' id='word_1_142' title='bbox 480 1971 642 2055; x_wconf 86' lang='lat' dir='ltr'><strong>profundo</strong></span> <span class='ocrx_word' id='word_1_143' title='bbox 670 1970 738 2034; x_wconf 87' lang='lat' dir='ltr'><strong>labi</strong></span> <span class='ocrx_word' id='word_1_144' title='bbox 767 1972 1001 2056; x_wconf 81' lang='lat' dir='ltr'><strong>conspicamur.</strong></span> <span class='ocrx_word' id='word_1_145' title='bbox 1051 1970 1165 2056; x_wconf 90' lang='lat' dir='ltr'><strong>Neque</strong></span> 
     </span>
     <span class='ocr_line' id='line_1_21' title="bbox 149 2058 1204 2144; baseline -0.004 -20"><span class='ocrx_word' id='word_1_146' title='bbox 149 2061 238 2125; x_wconf 90' lang='lat' dir='ltr'><strong>enim</strong></span> <span class='ocrx_word' id='word_1_147' title='bbox 268 2082 352 2125; x_wconf 82' lang='lat' dir='ltr'><strong>vana</strong></span> <span class='ocrx_word' id='word_1_148' title='bbox 381 2058 521 2125; x_wconf 86' lang='lat' dir='ltr'><strong>formido</strong></span> <span class='ocrx_word' id='word_1_149' title='bbox 552 2059 687 2124; x_wconf 89' lang='lat' dir='ltr'><strong>ludebat</strong></span> <span class='ocrx_word' id='word_1_150' title='bbox 724 2061 834 2125; x_wconf 85' lang='lat' dir='ltr'><strong>oeulos</strong></span> <span class='ocrx_word' id='word_1_151' title='bbox 864 2061 1204 2144; x_wconf 82' lang='lat' dir='ltr'><strong>intremiscentium,ro</strong></span> 
     </span>
     <span class='ocr_line' id='line_1_22' title="bbox 149 2148 1166 2232; baseline -0.001 -19"><span class='ocrx_word' id='word_1_152' title='bbox 149 2151 313 2214; x_wconf 81' lang='lat' dir='ltr'><strong>enimvero</strong></span> <span class='ocrx_word' id='word_1_153' title='bbox 341 2149 400 2212; x_wconf 90' lang='lat' dir='ltr'><strong>illa</strong></span> <span class='ocrx_word' id='word_1_154' title='bbox 427 2148 575 2213; x_wconf 91' lang='lat' dir='ltr'><strong>Philonis</strong></span> <span class='ocrx_word' id='word_1_155' title='bbox 603 2170 690 2213; x_wconf 90' lang='lat' dir='ltr'><strong>mors</strong></span> <span class='ocrx_word' id='word_1_156' title='bbox 723 2151 757 2213; x_wconf 91' lang='lat' dir='ltr'><strong>et</strong></span> <span class='ocrx_word' id='word_1_157' title='bbox 789 2149 922 2214; x_wconf 88' lang='lat' dir='ltr'><strong>exitium</strong></span> <span class='ocrx_word' id='word_1_158' title='bbox 951 2171 1079 2230; x_wconf 89' lang='lat' dir='ltr'><strong>eorum,</strong></span> <span class='ocrx_word' id='word_1_159' title='bbox 1110 2151 1166 2232; x_wconf 89' lang='lat' dir='ltr'><strong>qui</strong></span> 
     </span>
     <span class='ocr_line' id='line_1_23' title="bbox 150 2236 1166 2320; baseline 0 -20"><span class='ocrx_word' id='word_1_160' title='bbox 150 2259 214 2301; x_wconf 90' lang='lat' dir='ltr'><strong>una</strong></span> <span class='ocrx_word' id='word_1_161' title='bbox 241 2237 412 2302; x_wconf 89' lang='lat' dir='ltr'><strong>Philonem</strong></span> <span class='ocrx_word' id='word_1_162' title='bbox 444 2237 592 2302; x_wconf 85' lang='lat' dir='ltr'><strong>comitati</strong></span> <span class='ocrx_word' id='word_1_163' title='bbox 626 2241 715 2318; x_wconf 86' lang='lat' dir='ltr'><strong>sunt,</strong></span> <span class='ocrx_word' id='word_1_164' title='bbox 748 2236 863 2302; x_wconf 86' lang='lat' dir='ltr'><strong>fuerat.</strong></span> <span class='ocrx_word' id='word_1_165' title='bbox 914 2237 1032 2300; x_wconf 84' lang='lat' dir='ltr'><strong>Territi</strong></span> <span class='ocrx_word' id='word_1_166' title='bbox 1065 2236 1166 2320; x_wconf 84' lang='lat' dir='ltr'><strong>igitur</strong></span> 
     </span>
     <span class='ocr_line' id='line_1_24' title="bbox 149 2324 1166 2408; baseline 0 -20"><span class='ocrx_word' id='word_1_167' title='bbox 149 2325 337 2389; x_wconf 87' lang='lat' dir='ltr'><strong>detestabili</strong></span> <span class='ocrx_word' id='word_1_168' title='bbox 364 2328 469 2389; x_wconf 88' lang='lat' dir='ltr'><strong>morte</strong></span> <span class='ocrx_word' id='word_1_169' title='bbox 499 2324 661 2389; x_wconf 90' lang='lat' dir='ltr'><strong>sociorum</strong></span> <span class='ocrx_word' id='word_1_170' title='bbox 688 2324 859 2408; x_wconf 82' lang='lat' dir='ltr'><strong>indigenas</strong></span> <span class='ocrx_word' id='word_1_171' title='bbox 887 2326 1043 2389; x_wconf 90' lang='lat' dir='ltr'><strong>barbaros</strong></span> <span class='ocrx_word' id='word_1_172' title='bbox 1071 2325 1166 2388; x_wconf 88' lang='lat' dir='ltr'><strong>rinia-</strong></span> 
     </span>
     <span class='ocr_line' id='line_1_25' title="bbox 150 2412 1164 2496; baseline 0.001 -20"><span class='ocrx_word' id='word_1_173' title='bbox 150 2413 276 2496; x_wconf 89' lang='lat' dir='ltr'><strong>bamur,</strong></span> <span class='ocrx_word' id='word_1_174' title='bbox 299 2412 422 2496; x_wconf 85' lang='lat' dir='ltr'><strong>siquid</strong></span> <span class='ocrx_word' id='word_1_175' title='bbox 442 2412 536 2476; x_wconf 86' lang='lat' dir='ltr'><strong>nobis</strong></span> <span class='ocrx_word' id='word_1_176' title='bbox 555 2412 595 2476; x_wconf 92' lang='lat' dir='ltr'><strong>de</strong></span> <span class='ocrx_word' id='word_1_177' title='bbox 617 2413 732 2476; x_wconf 86' lang='lat' dir='ltr'><strong>itinere</strong></span> <span class='ocrx_word' id='word_1_178' title='bbox 757 2413 987 2479; x_wconf 89' lang='lat' dir='ltr'><strong>consultarent.</strong></span> <span class='ocrx_word' id='word_1_179' title='bbox 1024 2413 1070 2477; x_wconf 83' lang='lat' dir='ltr'><strong>At</strong></span> <span class='ocrx_word' id='word_1_180' title='bbox 1087 2434 1164 2477; x_wconf 80' lang='lat' dir='ltr'><strong>vero</strong></span> 
     </span>
     <span class='ocr_line' id='line_1_26' title="bbox 151 2499 1205 2586; baseline -0.002 -21"><span class='ocrx_word' id='word_1_181' title='bbox 151 2501 259 2565; x_wconf 89' lang='lat' dir='ltr'><strong>nullus</strong></span> <span class='ocrx_word' id='word_1_182' title='bbox 283 2499 410 2582; x_wconf 86' lang='lat' dir='ltr'><strong>uspiam</strong></span> <span class='ocrx_word' id='word_1_183' title='bbox 429 2500 553 2582; x_wconf 84' lang='lat' dir='ltr'><strong>visitur,</strong></span> <span class='ocrx_word' id='word_1_184' title='bbox 576 2501 720 2584; x_wconf 89' lang='lat' dir='ltr'><strong>locisque</strong></span> <span class='ocrx_word' id='word_1_185' title='bbox 745 2501 881 2567; x_wconf 84' lang='lat' dir='ltr'><strong>desertis</strong></span> <span class='ocrx_word' id='word_1_186' title='bbox 905 2506 937 2566; x_wconf 93' lang='lat' dir='ltr'><strong>et</strong></span> <span class='ocrx_word' id='word_1_187' title='bbox 959 2501 1164 2586; x_wconf 88' lang='lat' dir='ltr'><strong>inhospitali·</strong></span> <span class='ocrx_word' id='word_1_188' title='bbox 1178 2521 1205 2563; x_wconf 75' lang='lat' dir='ltr'><strong>aa</strong></span> 
     </span>
     <span class='ocr_line' id='line_1_27' title="bbox 151 2588 1164 2674; baseline 0 -20"><span class='ocrx_word' id='word_1_189' title='bbox 151 2591 212 2654; x_wconf 91' lang='lat' dir='ltr'><strong>bus</strong></span> <span class='ocrx_word' id='word_1_190' title='bbox 236 2610 294 2672; x_wconf 90' lang='lat' dir='ltr'><strong>per</strong></span> <span class='ocrx_word' id='word_1_191' title='bbox 318 2593 391 2654; x_wconf 87' lang='lat' dir='ltr'><strong>octo</strong></span> <span class='ocrx_word' id='word_1_192' title='bbox 414 2589 566 2674; x_wconf 84' lang='lat' dir='ltr'><strong>posthinc</strong></span> <span class='ocrx_word' id='word_1_193' title='bbox 588 2588 754 2654; x_wconf 84' lang='lat' dir='ltr'><strong>immorati</strong></span> <span class='ocrx_word' id='word_1_194' title='bbox 782 2590 850 2654; x_wconf 89' lang='lat' dir='ltr'><strong>dies</strong></span> <span class='ocrx_word' id='word_1_195' title='bbox 880 2591 1005 2672; x_wconf 82' lang='lat' dir='ltr'><strong>egimus</strong></span> <span class='ocrx_word' id='word_1_196' title='bbox 1030 2590 1164 2655; x_wconf 91' lang='lat' dir='ltr'><strong>consilio</strong></span> 
     </span>
     <span class='ocr_line' id='line_1_28' title="bbox 151 2677 1229 2763; baseline -0.004 -20"><span class='ocrx_word' id='word_1_197' title='bbox 151 2677 384 2743; x_wconf 88' lang='lat' dir='ltr'><strong>confirmando.</strong></span> <span class='ocrx_word' id='word_1_198' title='bbox 430 2678 512 2741; x_wconf 84' lang='lat' dir='ltr'><strong>Tum</strong></span> <span class='ocrx_word' id='word_1_199' title='bbox 540 2677 575 2741; x_wconf 93' lang='lat' dir='ltr'><strong>in</strong></span> <span class='ocrx_word' id='word_1_200' title='bbox 602 2677 660 2742; x_wconf 93' lang='lat' dir='ltr'><strong>illo</strong></span> <span class='ocrx_word' id='word_1_201' title='bbox 683 2679 921 2763; x_wconf 88' lang='lat' dir='ltr'><strong>promuntorio,</strong></span> <span class='ocrx_word' id='word_1_202' title='bbox 949 2679 1040 2744; x_wconf 86' lang='lat' dir='ltr'><strong>ouius</strong></span> <span class='ocrx_word' id='word_1_203' title='bbox 1067 2701 1165 2762; x_wconf 87' lang='lat' dir='ltr'><strong>supra</strong></span> <span class='ocrx_word' id='word_1_204' title='bbox 1183 2689 1229 2740; x_wconf 79' lang='lat'><strong>27.</strong></span> 
     </span>
     <span class='ocr_line' id='line_1_29' title="bbox 150 2765 1165 2853; baseline 0.002 -23"><span class='ocrx_word' id='word_1_205' title='bbox 150 2767 239 2832; x_wconf 86' lang='lat' dir='ltr'><strong>faeta</strong></span> <span class='ocrx_word' id='word_1_206' title='bbox 262 2769 313 2830; x_wconf 88' lang='lat' dir='ltr'><strong>est</strong></span> <span class='ocrx_word' id='word_1_207' title='bbox 335 2765 468 2850; x_wconf 88' lang='lat' dir='ltr'><strong>mentio,</strong></span> <span class='ocrx_word' id='word_1_208' title='bbox 491 2765 630 2830; x_wconf 88' lang='lat' dir='ltr'><strong>bestiam</strong></span> <span class='ocrx_word' id='word_1_209' title='bbox 654 2788 781 2851; x_wconf 89' lang='lat' dir='ltr'><strong>quoque</strong></span> <span class='ocrx_word' id='word_1_210' title='bbox 805 2767 944 2832; x_wconf 85' lang='lat' dir='ltr'><strong>vidimus</strong></span> <span class='ocrx_word' id='word_1_211' title='bbox 968 2768 1165 2853; x_wconf 87' lang='lat' dir='ltr'><strong>praegrandi</strong></span> 
     </span>
    </p>
   </div>
   <div class='ocr_carea' id='block_1_4' title="bbox 150 2993 1166 3631">
    <p class='ocr_par' dir='ltr' id='par_1_5' title="bbox 150 2993 1166 3631">
     <span class='ocr_line' id='line_1_30' title="bbox 243 2993 1164 3081; baseline 0.001 -17"><span class='ocrx_word' id='word_1_212' title='bbox 243 3017 257 3064; x_wconf 92' lang='lat'>1</span> <span class='ocrx_word' id='word_1_213' title='bbox 278 2993 519 3081; x_wconf 82' lang='lat' dir='ltr'><strong>properaruntP.</strong></span> <span class='ocrx_word' id='word_1_214' title='bbox 548 3011 615 3066; x_wconf 89' lang='lat' dir='ltr'><strong>filon</strong></span> <span class='ocrx_word' id='word_1_215' title='bbox 633 3013 670 3066; x_wconf 92' lang='lat' dir='ltr'><strong>A.</strong></span> <span class='ocrx_word' id='word_1_216' title='bbox 697 3011 816 3067; x_wconf 85' lang='lat' dir='ltr'><strong>efestion</strong></span> <span class='ocrx_word' id='word_1_217' title='bbox 834 3013 869 3066; x_wconf 91' lang='lat' dir='ltr'><strong>A.</strong></span> <span class='ocrx_word' id='word_1_218' title='bbox 930 3018 945 3067; x_wconf 76' lang='lat'>2</span> <span class='ocrx_word' id='word_1_219' title='bbox 966 3014 1109 3068; x_wconf 86' lang='lat' dir='ltr'><strong>eratherus</strong></span> <span class='ocrx_word' id='word_1_220' title='bbox 1127 3013 1164 3066; x_wconf 88' lang='lat' dir='ltr'><strong>A.</strong></span> 
     </span>
     <span class='ocr_line' id='line_1_31' title="bbox 152 3081 1164 3166; baseline 0.001 -31"><span class='ocrx_word' id='word_1_221' title='bbox 152 3082 232 3166; x_wconf 29' lang='lat' dir='ltr'><strong>,suhis</strong></span> <span class='ocrx_word' id='word_1_222' title='bbox 252 3083 284 3136; x_wconf 90' lang='grc' dir='ltr'><strong>Ρ.</strong></span> <span class='ocrx_word' id='word_1_223' title='bbox 348 3081 625 3138; x_wconf 81' lang='lat' dir='ltr'><strong>8incomm0darent</strong></span> <span class='ocrx_word' id='word_1_224' title='bbox 641 3084 677 3137; x_wconf 88' lang='lat' dir='ltr'><strong>A.</strong></span> <span class='ocrx_word' id='word_1_225' title='bbox 734 3081 857 3153; x_wconf 59' lang='lat' dir='ltr'><strong>{ligitur</strong></span> <span class='ocrx_word' id='word_1_226' title='bbox 874 3083 980 3138; x_wconf 87' lang='lat' dir='ltr'><strong>iturum</strong></span> <span class='ocrx_word' id='word_1_227' title='bbox 997 3085 1034 3137; x_wconf 95' lang='lat' dir='ltr'><strong>A.</strong></span> <span class='ocrx_word' id='word_1_228' title='bbox 1062 3083 1164 3137; x_wconf 86' lang='lat' dir='ltr'><strong>iterum</strong></span> 
     </span>
     <span class='ocr_line' id='line_1_32' title="bbox 150 3154 1166 3308; baseline -0.002 -28"><span class='ocrx_word' id='word_1_229' title='bbox 150 3154 290 3280; x_wconf 49' lang='lat' dir='ltr'><strong>rgrturlg,</strong></span> <span class='ocrx_word' id='word_1_230' title='bbox 310 3229 344 3279; x_wconf 85' lang='lat'><strong>13</strong></span> <span class='ocrx_word' id='word_1_231' title='bbox 364 3225 399 3308; x_wconf 84' lang='lat' dir='ltr'><strong>ad</strong></span> <span class='ocrx_word' id='word_1_232' title='bbox 417 3224 508 3306; x_wconf 79' lang='lat' dir='ltr'><strong>insule</strong></span> <span class='ocrx_word' id='word_1_233' title='bbox 527 3223 568 3278; x_wconf 88' lang='lat' dir='ltr'><strong>ire</strong></span> <span class='ocrx_word' id='word_1_234' title='bbox 589 3224 622 3279; x_wconf 90' lang='lat' dir='ltr'><strong>P.</strong></span> <span class='ocrx_word' id='word_1_235' title='bbox 679 3227 827 3308; x_wconf 57' lang='lat' dir='ltr'><strong>letamen</strong></span> <span class='ocrx_word' id='word_1_236' title='bbox 844 3227 880 3306; x_wconf 80' lang='lat' dir='ltr'><strong>A.</strong></span> <span class='ocrx_word' id='word_1_237' title='bbox 904 3226 1014 3279; x_wconf 84' lang='lat' dir='ltr'><strong>tantum</strong></span> <span class='ocrx_word' id='word_1_238' title='bbox 1034 3226 1066 3307; x_wconf 92' lang='lat' dir='ltr'><strong>P.</strong></span> <span class='ocrx_word' id='word_1_239' title='bbox 1100 3241 1166 3279; x_wconf 88' lang='lat' dir='ltr'><strong>con·</strong></span> 
     </span>
     <span class='ocr_line' id='line_1_33' title="bbox 151 3294 1165 3447; baseline 0 -28"><span class='ocrx_word' id='word_1_240' title='bbox 151 3296 310 3420; x_wconf 65' lang='lat' dir='ltr'><strong>:mut</strong></span> <span class='ocrx_word' id='word_1_241' title='bbox 328 3295 581 3422; x_wconf 66' lang='lat' dir='ltr'><strong>sertus</strong></span> <span class='ocrx_word' id='word_1_242' title='bbox 601 3294 1165 3447; x_wconf 58' lang='lat' dir='ltr'><strong>..¹⁶fur..t⁶⁶.²..⁶;...⁶l.ut313</strong></span> 
     </span>
     <span class='ocr_line' id='line_1_34' title="bbox 152 3436 1165 3507; baseline 0 -19"><span class='ocrx_word' id='word_1_243' title='bbox 152 3440 187 3488; x_wconf 79' lang='lat'><strong>23</strong></span> <span class='ocrx_word' id='word_1_244' title='bbox 206 3436 341 3491; x_wconf 86' lang='lat' dir='ltr'><strong>barbaras</strong></span> <span class='ocrx_word' id='word_1_245' title='bbox 366 3437 400 3491; x_wconf 89' lang='lat' dir='ltr'><strong>P.</strong></span> <span class='ocrx_word' id='word_1_246' title='bbox 437 3436 609 3491; x_wconf 85' lang='lat' dir='ltr'><strong>rimabamur</strong></span> <span class='ocrx_word' id='word_1_247' title='bbox 630 3437 738 3507; x_wconf 74' lang='lat' dir='ltr'><strong>scripsi.</strong></span> <span class='ocrx_word' id='word_1_248' title='bbox 775 3437 913 3491; x_wconf 85' lang='lat' dir='ltr'><strong>nmabam</strong></span> <span class='ocrx_word' id='word_1_249' title='bbox 937 3436 1012 3489; x_wconf 85' lang='lat' dir='ltr'><strong>AP.</strong></span> <span class='ocrx_word' id='word_1_250' title='bbox 1086 3441 1120 3488; x_wconf 77' lang='lat'><strong>24</strong></span> <span class='ocrx_word' id='word_1_251' title='bbox 1142 3453 1165 3488; x_wconf 90' lang='lat' dir='ltr'><strong>s1</strong></span> 
     </span>
     <span class='ocr_line' id='line_1_35' title="bbox 152 3505 1166 3631; baseline -0.003 -72"><span class='ocrx_word' id='word_1_252' title='bbox 152 3505 279 3631; x_wconf 61' lang='lat' dir='ltr'><strong>illidAR</strong></span> <span class='ocrx_word' id='word_1_253' title='bbox 335 3514 369 3562; x_wconf 78' lang='lat'><strong>26</strong></span> <span class='ocrx_word' id='word_1_254' title='bbox 388 3507 531 3562; x_wconf 87' lang='lat' dir='ltr'><strong>immorati</strong></span> <span class='ocrx_word' id='word_1_255' title='bbox 549 3509 606 3565; x_wconf 91' lang='lat' dir='ltr'><strong>Mr.</strong></span> <span class='ocrx_word' id='word_1_256' title='bbox 630 3507 819 3562; x_wconf 88' lang='lat' dir='ltr'><strong>immemorati</strong></span> <span class='ocrx_word' id='word_1_257' title='bbox 837 3507 912 3562; x_wconf 71' lang='grc' dir='ltr'><strong>ΑΡ.</strong></span> <span class='ocrx_word' id='word_1_258' title='bbox 963 3512 996 3560; x_wconf 80' lang='grc'><strong>27</strong></span> <span class='ocrx_word' id='word_1_259' title='bbox 1015 3505 1046 3560; x_wconf 92' lang='lat' dir='ltr'><strong>in</strong></span> <span class='ocrx_word' id='word_1_260' title='bbox 1063 3505 1113 3559; x_wconf 84' lang='lat' dir='ltr'><strong>illo</strong></span> <span class='ocrx_word' id='word_1_261' title='bbox 1133 3505 1166 3558; x_wconf 91' lang='lat' dir='ltr'><strong>P.</strong></span> 
     </span>
    </p>
   </div>
   <div class='ocr_carea' id='block_1_5' title="bbox 0 0 1334 3920">
    <p class='ocr_par' dir='ltr' id='par_1_6' title="bbox 0 0 1334 3920">
     <span class='ocr_line' id='line_1_36' title="bbox 0 0 1334 3920; baseline 0 0"><span class='ocrx_word' id='word_1_262' title='bbox 0 0 1334 3920; x_wconf 95' lang='lat' dir='ltr'><strong> </strong></span> 
     </span>
    </p>
   </div>
  </div>
 </body>
</html>
