2648 3924
172 225 216 290 92
469 210 472 216 ’
596 226 704 280 ursus
722 227 755 280 11.

63 429 66 436 -
173 407 243 452 sese
267 388 511 452 transeuntibus
536 389 626 472 viris,
650 388 750 454 carris
774 388 872 453 etiam
896 409 992 472 quam
1016 389 1185 455 onustissi-

171 475 1187 651 tttuttetlutrctttt⁰ltttt5¹tut²stetit

169 656 498 736 praemonstraverat,
516 653 586 737 ipse
604 654 733 738 quidem
751 674 816 719 uno
835 674 913 719 usus
932 674 1015 739 equo
1034 657 1186 739 coeptum

146 742 237 806 eiter
260 741 343 827 agit,
368 741 540 807 Eumelum
566 757 664 827 porro
693 763 767 808 cum
796 742 886 827 equis
913 741 1038 807 duobus
1065 742 1185 807 ibidem

172 829 350 895 subsistere
375 851 413 896 ae
436 852 470 894 se
494 831 614 914 operiri
637 830 736 896 iubet.
780 830 888 915 Igitur
909 832 1103 896 transmisso
1126 831 1184 895 flu-

171 918 272 1002 mine,
300 919 390 984 cuius
418 919 556 984 latitudo
585 924 635 984 est
658 919 745 985 haud
768 919 876 983 minus
899 918 997 983 stadii
1021 941 1191 1004 mensura,

171 1006 213 1072 ad
240 1007 313 1091 ipsa
341 1007 429 1092 regis
460 1007 602 1073 tentoria
629 1010 789 1093 penetret.
840 1005 903 1073 Sed
933 1029 1006 1072 cum
1036 1007 1185 1073 habitum

170 1095 232 1160 viri
253 1094 372 1161 Persae
396 1095 632 1161 demirarentur
661 1096 909 1181 opinionemque
937 1095 1000 1161 sibi
1022 1096 1123 1162 ferme
1146 1096 1185 1160 de

131 1206 158 1246 ιο
172 1183 232 1248 deo
255 1184 331 1268 ipso·
353 1183 537 1268 suaderent,
560 1184 786 1267 nihilominus,
809 1185 918 1270 ecquis
941 1184 1039 1268 foret,
1062 1187 1184 1271 quaeri·

171 1276 246 1336 tant
278 1276 312 1338 et
339 1274 501 1338 volentem
528 1275 699 1338 convenire
726 1293 836 1359 regem
863 1273 1013 1358 protinus
1041 1273 1100 1338 illo
1133 1273 1184 1337 de-

172 1362 302 1427 ducunt.
340 1359 516 1426 Enimvero
539 1361 624 1427 forte
642 1361 763 1427 Darius
782 1366 860 1428 tunc
878 1361 1003 1426 visendi
1026 1362 1184 1426 exercitus

173 1449 223 1513 sui
246 1470 343 1514 causa
372 1455 574 1533 processerat
596 1449 829 1535 horrendisque
852 1450 968 1515 animis
992 1470 1121 1514 suorum
1145 1449 1184 1514 de

171 1537 304 1621 ignavia
335 1537 548 1604 Macedonum
585 1539 841 1605 contionabatur.
905 1538 1037 1623 lamque
1074 1537 1185 1602 aderat

133 1647 160 1688 15
174 1625 360 1690 Alexander
389 1631 422 1692 et
448 1626 601 1692 habitum
628 1628 719 1692 illum
743 1648 958 1712 pompamque
984 1627 1094 1712 regiae
1118 1648 1184 1690 ma-

172 1715 378 1801 gnificentiae
396 1716 585 1780 mirabatur.
626 1714 775 1800 Denique
798 1737 864 1781 non
888 1717 1009 1801 absque
1032 1737 1071 1782 ea
1093 1713 1185 1780 dubi·

170 1803 294 1867 tatione
319 1803 399 1887 egit,
427 1806 579 1867 utrumne
603 1803 786 1867 adorandus
814 1804 877 1868 sibi
905 1804 991 1869 idem
1013 1827 1070 1870 rex
1092 1803 1185 1886 foret,

170 1890 219 1954 ita
238 1891 327 1954 omni
341 1890 430 1955 cultu
448 1893 525 1954 tuno
544 1891 663 1975 capitis
680 1895 757 1956 tunc
771 1891 920 1975 vestitus,
939 1895 1067 1976 saepire
1087 1893 1185 1957 etiam

171 1979 204 2042 et
223 1977 421 2042 indumentis
439 1977 557 2062 pedum
576 1979 746 2064 magnifice
766 1978 993 2045 adornabatur.
1025 1979 1184 2044 Aderant-

130 2088 158 2128 so
172 2088 234 2150 que
258 2068 291 2130 et
310 2066 487 2131 satellitum
511 2066 601 2131 milia
620 2072 753 2151 stupore
771 2067 941 2133 barbarico
960 2087 1070 2152 regem
1090 2089 1184 2132 suum

171 2159 208 2219 ut
230 2154 326 2219 deum
348 2155 649 2239 praesentissimum
676 2154 835 2222 demirati.
881 2154 943 2221 Sed
971 2155 1040 2220 viso
1068 2155 1184 2221 habitu

172 2242 330 2308 eiusmodi
348 2264 405 2307 rex
423 2241 542 2309 Darius
566 2265 639 2309 cum
658 2244 803 2310 officium
821 2265 957 2329 quoque,
981 2245 1066 2328 quod
1085 2245 1184 2310 simu-

171 2332 298 2398 laverat
316 2331 509 2415 Alexander,
532 2333 750 2419 cognovisset,
773 2333 859 2397 idem
879 2332 1065 2398 Alexander
1082 2334 1185 2418 prior:

172 2419 240 2485 ‘En
262 2420 324 2485 tibi
350 2421 465 2485 adsum
487 2420 706 2486 internuntius
730 2422 873 2506 quidem,
902 2421 1066 2487 enimvero
1090 2444 1185 2507 quem

131 2531 157 2572 25
171 2509 275 2574 nihilo
295 2512 387 2575 se'cus
405 2509 509 2594 ipsius
529 2510 706 2576 Alexandri
724 2510 911 2594 praesentia
928 2511 1071 2595 opinere.
1106 2509 1184 2574 Ver·
1211 2531 1213 2535 ’

170 2599 277 2683 baque
300 2598 368 2662 eius
391 2600 426 2662 et
448 2598 603 2663 mandata
626 2603 704 2664 sunt
726 2599 822 2665 talia:
850 2597 960 2685 ‘Ege'
983 2599 1101 2683 inquit,
1125 2597 1185 2662 ‘ar-

170 2685 275 2750 bitror
307 2708 381 2750 eum
412 2707 539 2772 regem,
571 2687 627 2772 qui
652 2709 767 2771 parum
794 2687 986 2753 festinanter
1014 2685 1186 2752 contendet

171 2773 211 2837 ad
234 2772 408 2859 proelium,
430 2775 497 2839 iam
520 2775 629 2859 ipsum
652 2796 730 2840 suae
752 2776 903 2862 ignaviae
928 2779 961 2840 et
984 2774 1184 2840 diffidentiae

171 2863 289 2926 testem
311 2883 390 2930 esse.
432 2862 538 2938 Quare
561 2885 601 2927 ne
624 2864 711 2928 ultra
730 2864 917 2948 cessaveris,
939 2863 1017 2948 quin
1035 2863 1184 2948 protinus

130 2949 379 3035 rorespondet0,
407 2951 494 3034 quod
521 2954 649 3034 tempus
678 2952 772 3017 nohis
800 2953 954 3038 agitando
981 2951 1105 3037 proelio
1133 2951 1185 3016 de·

172 3037 283 3104 deris'
340 3039 392 3104 Ad
424 3039 509 3104 hanc
542 3040 771 3105 confidentiam
801 3041 879 3106 dicti
917 3062 988 3107 cum
1026 3041 1185 3106 excitatus

172 3128 280 3194 animo
308 3126 427 3193 Darius
456 3126 639 3194 ‘Numnam
670 3128 818 3214 quaes0,'
848 3129 1000 3214 dixisset,
1030 3128 1085 3195 ‘tu
1114 3129 1185 3212 ipse

262 3373 384 3428 lcarris
404 3373 462 3427 Mr.
491 3373 562 3427 caris
583 3373 617 3428 P.
662 3361 852 3429 uliumedum
873 3375 907 3429 P.
952 3372 1023 3428 eSe
1041 3372 1128 3442 igitur
1149 3371 1184 3427 P.

174 3449 208 3497 10
227 3444 388 3510 quaeritant
400 3443 458 3498 Mr.
477 3443 683 3512 quaeritantem
697 3445 730 3500 P.
773 3449 805 3500 18
825 3445 934 3526 sceptro
951 3446 1009 3528 Mr.
1029 3443 1133 3528 sceptri
1149 3444 1183 3497 P.

143 3512 145 3516 ’
174 3518 207 3566 19
226 3511 416 3567 adornabatur
431 3513 490 3570 Mc.
516 3513 687 3570 adorabatur
703 3515 736 3569 P.
787 3520 822 3569 25
841 3531 930 3585 rpsrus
943 3531 1051 3585 scrupea.
1078 3531 1133 3583 uper
1148 3515 1183 3566 P.

171 3583 234 3649 ipso
252 3580 412 3638 Alexandro
430 3584 578 3652 praesente
596 3585 702 3642 Eberlv.
773 3591 807 3641 28
826 3602 893 3640 suae
912 3585 969 3643 Mr.
991 3586 1043 3640 sui
1063 3586 1098 3641 P.
