2646 3934
264 194 443 252 EPISTOLA
462 192 677 249 ALEXANDRI
694 194 745 249 AD
763 192 1028 250 ARISTOTnLnM.
1083 190 1147 255 217

224 358 359 442 Iamque
393 379 431 422 er
466 357 567 422 sacris
603 377 842 422 excesseramus
873 358 1060 439 arboribus,
1093 355 1149 419 sed

137 449 241 514 adhue
269 446 368 511 etiarn
397 447 495 511 odore
522 447 604 510 turis
628 445 896 531 opobalsamique
920 467 1015 511 nares
1038 445 1148 510 verbe·

135 538 300 602 rabuntur.
350 535 429 599 Indi·
451 556 543 600 sacra
571 534 705 599 deorum
734 535 774 600 ad
802 555 959 600 oceanum
985 534 1150 618 tenebant,

137 626 280 690 dieentes
303 645 371 689 non
388 645 503 708 parum
525 646 577 689 me
600 645 727 708 quoque
751 644 821 688 esse
844 623 1071 706 immortalem,
1094 623 1150 705 qui

136 735 238 798 usque
267 735 304 778 eo
327 716 496 797 penetrare
518 713 706 795 potuissem.
752 710 876 787 Quibus
900 732 975 797 ego,
1003 710 1088 794 quod
1111 710 1177 773 des

137 802 232 868 nobis
256 804 338 866 bene
363 801 581 884 opinarentur,
602 801 771 866 insinuans
795 801 918 884 gratias
941 801 1090 885 agebam.

225 889 437 955 Pervenimus
456 888 570 954 deinde
588 890 624 955 in
642 891 761 954 vallem
778 887 932 970 Iordiam,
949 889 983 952 in
1002 910 1066 971 qua
1085 908 1151 951 ser-

136 983 251 1063 pentes
270 978 474 1062 habitabant,
496 977 653 1042 habentes
677 979 711 1042 in
734 977 817 1043 eollo
836 977 970 1062 lapides,
993 976 1049 1061 qui
1068 997 1150 1041 sma-

137 1068 231 1153 ragdi
249 1067 467 1150 appellantur.
489 1101 527 1112 -
547 1065 593 1129 Hi
611 1066 721 1130 lumen
739 1068 774 1131 in
793 1067 895 1131 oeulis
911 1064 1081 1150 profusum
1101 1086 1151 1129 ac·

138 1156 271 1240 cipiunt.
287 1191 328 1202 -
344 1154 389 1219 Hi
402 1155 521 1219 vallem
539 1154 622 1218 nulli
637 1155 815 1219 adeundam
833 1155 989 1220 incolunt.
1021 1153 1066 1217 Hi
1085 1173 1191 1217 ser-10

136 1247 250 1330 pentes
279 1244 383 1307 lasere
412 1246 444 1306 et
472 1242 547 1307 albo
575 1247 748 1307 vescuntur
775 1243 894 1327 pipere.
937 1243 1025 1309 Nam
1053 1264 1151 1326 supra

136 1333 255 1399 vallem
287 1331 372 1397 hano
409 1333 485 1394 sunt
515 1331 703 1414 pyramides
740 1332 911 1396 institutae
943 1332 1061 1414 pedum
1093 1331 1151 1394 tri·

136 1443 252 1488 cenum
276 1421 425 1507 quinum,
448 1440 529 1502 quae
552 1419 740 1484 numinibus
765 1419 805 1482 ab
830 1421 973 1503 antiquis
997 1418 1151 1485 Indorum

137 1512 179 1576 ob
205 1511 290 1574 hanc
318 1530 450 1574 oausam
479 1510 554 1571 sunt
581 1507 776 1571 aedificatae.
823 1504 886 1571 Sed
912 1508 948 1572 hi
977 1511 1151 1591 serpentes,

137 1620 218 1683 quos
239 1598 337 1681 paulo
363 1600 439 1661 ante
458 1595 697 1679 descripsimus,
720 1595 805 1660 inter
828 1617 863 1660 se
881 1597 1057 1679 quotannis
1077 1617 1150 1660 vere
1166 1614 1192 1656 1s

135 1687 242 1770 primo
258 1685 453 1769 depugnant,
468 1684 628 1768 multique
642 1684 805 1749 morsibus
820 1683 1033 1768 deperierunt.
1071 1683 1151 1748 Inde

136 1795 197 1839 nos
234 1794 355 1857 paucos
393 1772 566 1837 extulimus
602 1773 744 1858 ingentis
785 1773 910 1838 formae
952 1772 1151 1858 smaragdos.

136 1861 200 1926 Per
214 1883 335 1948 magna
349 1861 494 1944 pericula
507 1861 685 1926 incedimus
700 1865 733 1926 et
746 1862 917 1928 incidimus
934 1863 1009 1927 talis
1024 1862 1151 1946 generis

135 1951 274 2016 bestias:
302 1949 460 2014 habentes
489 1952 566 2014 sunt
592 1971 685 2016 suum
712 1951 835 2036 capita,
863 1951 996 2016 leonum
1023 1951 1151 2034 caudas,

135 2039 301 2124 unguibus
319 2039 413 2122 binis,
437 2040 523 2104 latae
547 2039 587 2104 ad
611 2061 667 2103 sex
689 2062 791 2123 prope
814 2041 933 2124 pedum
954 2061 1150 2124 mensuram,
1164 2059 1191 2100 ao

137 2128 255 2212 quibus
274 2127 530 2192 verberabantur
547 2127 694 2192 homines
715 2132 748 2191 et
766 2128 898 2192 inutiles
917 2128 1048 2192 fiebant
1090 2124 1151 2192 His

136 2220 231 2280 erant
253 2215 433 2280 intermixti
457 2214 545 2298 grifi,
572 2219 679 2279 rostra
706 2215 864 2279 habentes
894 2214 1089 2298 aquilarum,
1118 2219 1153 2278 at

138 2304 203 2368 alia
226 2307 319 2386 parte
347 2304 491 2385 corporis
519 2302 741 2369 dissimillimi.
788 2302 850 2379 Qui
873 2303 957 2368 mira
985 2304 1151 2368 eeleritate

226 2422 313 2478 asad
337 2423 430 2476 adhuc
455 2422 542 2478 etiam
566 2422 595 2478 Ο.
624 2424 672 2478 sed
697 2424 755 2478 iam
778 2424 847 2479 aaV.
876 2424 925 2479 sed
949 2424 1008 2478 iam
1033 2441 1089 2479 non
1112 2425 1151 2479 Η.

62 2518 66 2524 ·
136 2493 235 2550 erudi
260 2492 333 2548 enim
355 2492 385 2547 0.
422 2494 569 2565 tenebant]
588 2494 742 2549 tendebant
763 2494 790 2550 0.
815 2496 938 2550 colentes
962 2495 1094 2549 dicebant
1113 2495 1153 2550 H.

137 2570 207 2620 beo
231 2565 260 2620 0.
287 2581 370 2619 avum
391 2564 524 2620 B.M.H.
550 2581 652 2620 aevum
676 2565 709 2622 G.
735 2566 764 2620 in
788 2581 870 2620 evum
893 2566 926 2620 L.
953 2566 989 2620 ad
1012 2582 1110 2620 eurum
1119 2566 1152 2622 V.

137 2636 225 2708 quod]
250 2635 382 2705 quoniam
406 2633 435 2689 0.
535 2636 640 2691 bbene
665 2637 694 2691 O.
720 2653 770 2691 om.
794 2641 841 2692 eet.
877 2636 1022 2692 insinuans
1044 2653 1096 2692 ora.
1122 2636 1152 2693 0.

137 2705 299 2762 vlordsnis
310 2706 349 2760 H.
403 2703 468 2760 8in
486 2721 537 2762 om.
556 2707 625 2762 oaV.
677 2712 710 2760 10
730 2708 828 2762 colunt
846 2707 970 2764 Rom.
1026 2713 1060 2762 13
1079 2724 1152 2778 quae

135 2777 298 2832 numinibus
316 2793 367 2832 om.
386 2777 462 2831 ω.Η.
511 2783 545 2832 14
563 2779 629 2832 sunt
645 2794 696 2833 om.
716 2778 792 2834 u.H.
840 2779 873 2832 15
892 2778 1004 2847 aliquot
1022 2780 1102 2834 annis
1123 2777 1151 2834 0.

138 2854 171 2903 lo
190 2849 263 2902 unde
281 2847 308 2903 0.
378 2853 412 2902 18
430 2863 534 2918 magna
552 2848 652 2904 deinde
671 2849 710 2905 H.
747 2848 903 2904 incedimus
921 2850 1087 2906 L.B.M.V.
1112 2850 1152 2905 in·

138 2918 258 2973 uidimus
272 2917 312 2972 H.
331 2919 496 2974 incessimus
511 2925 557 2975 cet.
582 2921 611 2973 et
625 2936 675 2975 om.
691 2920 805 2975 0.P.H.
824 2919 974 2976 incidimus
985 2919 1016 2974 V.
1036 2919 1152 2976 inscitae

136 2990 212 3045 mH.
230 2989 343 3058 ignotas
359 2988 388 3043 0.
406 2990 437 3043 in
450 2989 559 3060 Gyritas
577 2993 716 3046 editiones.
764 2997 797 3046 19
817 3008 899 3046 suum
913 2990 1017 3062 capita,
1038 2992 1152 3046 leonum

136 3061 244 3186 qplq'pqu,
262 3059 512 3186 (iapffilnssmom'
545 3061 1017 3188 eapptoaliuqneHffleoqnm,capita
1038 3063 1153 3192 leonqrp

285 3172 291 3184 .
477 3173 482 3185 .
664 3150 678 3185 r
806 3173 812 3185 .
861 3150 921 3188 adt.
967 3151 996 3187 111
1038 3150 1052 3187 θ
1089 3150 1105 3188 0
1145 3175 1151 3188 .

136 3217 296 3257 mensuram
321 3217 370 3256 orn.
394 3201 538 3271 B.G.M.;
562 3151 827 3276 loeuspitapleqe'twr
852 3207 884 3259 tu
909 3150 967 3260 rodi
991 3151 1090 3260 dimoc.
1113 3204 1151 3258 E.

137 3274 274 3327 111.1r.·
298 3272 352 3326 Per
374 3288 479 3342 magna
500 3271 602 3328 deinde
625 3275 801 3356 pervenimus
824 3273 855 3328 in
877 3275 952 3343 loca,
976 3291 1048 3343 quae
1072 3276 1153 3330 erant

137 3343 305 3410 fortissima,
328 3342 359 3396 in
382 3360 438 3412 qna
462 3344 684 3412 eranthemim,
708 3362 780 3414 qnae
803 3345 948 3402 habebant
971 3346 1056 3414 eaput
1080 3345 1153 3400 sicut

137 3429 253 3483 porcus,
280 3413 400 3467 caudam
422 3414 495 3468 deut
517 3413 575 3481 leo,
601 3415 721 3484 ungulas
747 3417 826 3484 duas,
851 3415 926 3470 latas
949 3415 1067 3484 pedibus
1094 3431 1151 3471 sex.

137 3489 172 3540 23
192 3485 252 3556 qui]
277 3501 362 3552 quam
388 3485 417 3539 0.
446 3501 500 3554 que
525 3485 564 3541 Η.
601 3486 758 3555 celeritate]
784 3485 936 3544 velocitate
962 3486 1091 3540 claritate
1116 3485 1150 3538 L.

134 3553 288 3611 velocitate
307 3555 346 3610 H.
