2646 3934
153 202 219 270 200
273 200 451 258 EPISTOLA
469 199 685 256 rauranum
703 200 754 258 AD
773 198 1041 256 Afflsuouunnn.

243 364 325 429 Tum
362 364 403 429 ad
435 364 551 430 horam
583 365 688 430 noctis
724 364 857 429 tertiam
894 363 1036 446 aliquam
1072 363 1168 430 nobis

154 453 358 536 sperantibus
393 454 536 538 requiem
575 453 728 518 binomm
758 457 989 535 ternorumque
1025 452 1168 535 capitum

155 541 281 606 cristati
309 546 475 626 serpentes
498 539 600 606 Indici
624 545 782 607 venerunt
805 541 1027 606 columnarum
1054 541 1168 604 crassi·

154 629 263 695 tudine
283 630 478 713 consimiles,
501 631 668 714 aliquanto
688 630 903 713 proceriores3
927 628 966 693 ad
989 629 1169 711 potandam

121 739 135 781 s
156 740 273 802 squam
297 741 336 782 ex
355 718 469 784 vicinis
492 718 652 784 montium
672 719 834 802 speluncis
852 738 1038 802 processere
1058 716 1169 782 oribus

155 807 362 891 squamisque
391 807 457 873 suis
487 807 623 872 humum
652 810 844 889 atterentes,
875 828 1010 890 quorum
1036 809 1170 889 pectora

154 899 270 980 erecta,
289 901 322 960 et
340 917 413 962 cum
427 894 572 961 trisulcis
585 896 706 980 linguis
721 895 829 961 fauces
849 894 1067 980 exsertabant,
1086 895 1169 959 scin·

154 984 339 1050 tillantibus
363 983 467 1049 oculis
486 1005 620 1069 veneno,
644 1006 781 1068 quorum
803 983 926 1048 halitus
949 1003 1077 1067 quoque
1100 987 1172 1047 erat
1286 1017 1291 1028 ·

154 1073 296 1157 pestifer.
334 1071 416 1138 Oum
439 1072 492 1136 his
515 1073 598 1137 hora
622 1073 762 1157 amplius
786 1094 852 1137 una
876 1071 1030 1136 debellati
1050 1093 1171 1154 sumus,

114 1183 140 1222 ro
156 1162 347 1246 amissisque
374 1161 514 1246 triginta
543 1162 644 1226 servis
673 1166 706 1226 et
733 1161 850 1245 viginti
873 1160 1043 1225 militibus.
1090 1159 1170 1224 Ora-

155 1251 294 1334 bamque
315 1247 518 1333 Macedones,
540 1271 582 1314 ne
606 1250 750 1315 adversis
769 1250 896 1315 casibus
917 1249 1066 1314 cederent
1088 1269 1171 1313 neve

156 1339 330 1403 deficerent
359 1339 485 1422 animo,
515 1359 712 1423 quamquam
742 1341 776 1402 et
803 1339 948 1422 ipsorum
977 1340 1063 1402 esset
1090 1336 1172 1401 dura

155 1426 324 1511 patientia.
370 1426 491 1491 Omnes
520 1447 554 1492 se
583 1427 771 1492 officiebant
798 1426 897 1510 operi.
947 1424 1027 1490 Post
1055 1425 1172 1490 disces-

157 1536 229 1580 sum
254 1517 362 1580 autcm
386 1515 585 1599 serpentium
609 1515 717 1581 cancri
740 1515 931 1580 immodicae
953 1513 1171 1578 multitudinis

116 1607 314 1669 nvenerunt
345 1602 595 1669 crocodillorum
628 1605 766 1688 pellibus
800 1603 940 1668 contecti
978 1601 1018 1666 ad
1054 1604 1171 1666 castra.

157 1691 246 1768 Quae
278 1692 428 1775 prodigia
460 1693 581 1758 duritia
615 1693 770 1757 thoracas
807 1691 928 1756 ferrum
965 1691 1172 1774 respuebant.

156 1779 262 1845 Multa
285 1780 417 1864 ignibus
441 1784 529 1863 usta,
553 1781 657 1844 multa
680 1803 714 1846 se
738 1782 772 1844 in
795 1785 948 1864 stagnum
971 1781 1172 1863 receperunt.

245 1868 316 1932 Iam
339 1890 400 1934 nos
424 1869 547 1954 vigiliis
570 1869 733 1952 inquietos
753 1869 869 1952 quinta
887 1869 993 1934 noctis
1016 1868 1098 1932 hora
1116 1867 1174 1931 bu·

157 1955 231 2022 cina
250 1956 406 2021 monebat
424 1957 465 2021 ad
484 1956 721 2041 quiescendum.
755 1955 818 2022 Sed
838 1957 958 2022 affuere
978 1956 1044 2021 albi
1062 1956 1173 2020 leones

116 2067 143 2106 ac
157 2049 324 2110 taurorum
339 2041 548 2131 comparandi
564 2047 763 2129 corporibus,
784 2046 839 2130 qui
858 2068 930 2111 cum
944 2044 1072 2129 ingenti
1087 2066 1172 2109 mur-

158 2155 259 2217 mure,
283 2135 446 2198 concussis
466 2134 654 2218 cervicibus,
678 2135 841 2200 stantibus
861 2135 925 2199 alte
944 2133 1029 2199 iubis
1052 2133 1087 2196 in
1105 2155 1174 2198 mc·

158 2223 236 2288 dum
266 2223 438 2288 fulminum
469 2223 502 2287 in
533 2245 593 2288 nos
622 2223 781 2308 impetum
812 2223 953 2305 faciunt,
984 2222 1174 2305 exceptique

158 2314 258 2377 ruunt
281 2311 458 2378 venabulis.
504 2311 629 2377 Tantus
652 2313 841 2396 repentinus
866 2312 1031 2376 oriebatur
1053 2309 1172 2374 tumul-

158 2405 212 2465 tus
236 2400 422 2465 cumulante
446 2421 542 2464 caeca
564 2405 670 2466 nocte.
711 2399 780 2466 Nec
803 2401 909 2465 minus
935 2399 1005 2483 apri
1028 2397 1174 2484 ingentis
1224 2391 1228 2404 '

119 2508 146 2550 as
161 2489 285 2555 formae
317 2490 420 2554 acutis
452 2486 600 2555 dentibus
629 2488 731 2553 veluti
759 2489 845 2554 vallo
872 2487 1080 2553 horrentibus
1111 2508 1175 2550 me·
1208 2549 1209 2554 ,

158 2577 281 2660 tuendi,
300 2578 393 2642 mixti
412 2577 585 2642 maculosis
600 2577 749 2662 lyncibus
764 2578 1000 2662 tigridibusque
1019 2580 1053 2640 et
1070 2575 1176 2639 horri-

159 2666 280 2730 bilibus
304 2666 472 2749 pantheris
500 2667 683 2731 miscebant
705 2667 844 2751 proelia,
872 2665 961 2730 nulla
988 2664 1055 2728 iam
1083 2667 1175 2748 peste

251 2863 265 2910 1
293 2855 363 2910 Tum
392 2857 424 2912 V.
457 2857 527 2912 Ourn
555 2863 602 2913 cet.
675 2864 691 2912 2
721 2856 897 2926 sperantibus
925 2856 1030 2912 habere
1060 2855 1133 2911 (ΧΗ.
1141 2857 1176 2912 Ρ.

160 2929 334 2982 creuerunt
352 2943 401 2982 om.
421 2928 460 2981 H.
511 2927 585 2982 tad
602 2928 758 2998 potandum
777 2926 895 2984 ΜΘ.
942 2930 1007 2983 let
1026 2943 1077 2983 orn.
1097 2926 1176 2982 HV.

160 2997 312 3053 exerebant
330 2998 370 3053 H.
397 2997 672 3067 scintillantibusque
691 2999 730 3054 Η.
768 3005 859 3053 bnon
878 2997 998 3068 amplius
1013 2997 1052 3052 H.
1082 2998 1177 3052 debel-

160 3070 281 3125 lavimus
299 3069 339 3125 H.
414 3076 447 3124 12
467 3071 561 3125 animo
580 3086 630 3125 orn.
646 3069 685 3125 Η.
719 3068 789 3123 dura
807 3071 851 3123 cst
868 3068 907 3123 H.
982 3073 1015 3122 13
1035 3085 1177 3123 omnes—-

161 3141 253 3212 operi]
264 3141 367 3211 quippe
377 3139 426 3208 qui
435 3140 523 3196 talem
531 3141 689 3195 sustinuere
698 3141 823 3195 laborem
832 3139 863 3195 V.
887 3139 1062 3211 officiebant]
1072 3138 1177 3194 afficie-

161 3213 230 3266 bant
244 3212 283 3268 H.
310 3211 465 3266 offerebaut
479 3212 512 3266 P.
544 3213 610 3281 post
628 3213 771 3280 serpentes
790 3210 884 3266 cancri
898 3211 937 3265 H.
978 3217 1010 3265 16
1029 3211 1178 3281 thoracas]

161 3281 287 3336 thoracis
302 3281 332 3337 0.
340 3283 374 3336 P.
401 3283 469 3338 corii
483 3283 513 3339 V.
553 3289 585 3336 17
605 3283 898 3352 multa-receperunt
915 3298 966 3337 om.
988 3281 1028 3336 H.
1064 3287 1100 3336 20
1119 3297 1179 3334 cor·

162 3351 289 3421 poribus]
310 3352 551 3420 magnitudinibus
569 3353 609 3408 H.
642 3352 691 3420 qui
710 3369 760 3407 om.
781 3374 810 3406 ω.
887 3359 920 3407 21
940 3352 1080 3407 stantibus
1101 3351 1179 3408 V.H.

162 3422 268 3474 stantes
292 3428 339 3477 cet.
411 3429 446 3478 25
470 3425 560 3479 acutis
586 3424 715 3478 dentibus
739 3425 847 3492 scripsi.
880 3422 963 3478 iactis
989 3423 1120 3478 dentibus
1148 3423 1177 3479 0.

164 3490 293 3544 dentibus
312 3508 362 3548 cm.
377 3500 424 3549 cet.
455 3494 518 3548 ictis
533 3495 658 3551 L.G.M.
687 3495 761 3549 ictus
775 3495 811 3548 B.
840 3495 941 3550 ictibus
957 3493 989 3548 V.
1027 3499 1060 3548 27
1080 3493 1180 3550 misce·

162 3556 232 3608 bant
250 3559 287 3612 H.
318 3561 507 3618 miscebantur
526 3571 572 3620 cet.
611 3563 682 3618 nulli
700 3564 756 3618 iam
774 3569 855 3634 peste
873 3564 1064 3634 comparanda
1081 3565 1120 3618 H.
