2646 3934
374 229 491 284 Purus
508 229 711 284 RESPONSIO
730 230 886 286 mmmm.
1074 231 1138 298 173

123 390 287 455 mendicat
313 391 347 454 in
376 412 470 454 usum
500 390 700 455 libidinandi.
746 391 878 456 Turrita
906 393 1048 457 culmina
1071 415 1138 459 non

123 479 268 543 levamus
292 500 351 543 nec
375 500 470 547 auras
494 480 641 544 salubres
670 481 739 543 arte
763 479 903 563 quadam
931 480 1138 566 decoquimus

125 589 184 631 nec
203 566 328 651 gelidos
349 588 504 650 equarum
528 589 640 631 cursus
659 565 799 632 ferventi
818 569 960 632 statione
979 571 1138 634 concludi·

125 677 207 719 mus.
246 652 311 718 Our
336 660 444 720 autem
468 677 528 720 nos
551 657 682 720 lavacra
703 676 886 738 poscamus,
910 678 1046 740 qnorum
1070 679 1138 722 cor-

124 766 185 827 pus
208 742 384 807 immundis
408 744 611 808 contactibus
639 765 705 808 non
728 743 907 808 sordescit?
953 743 1027 809 Sole
1056 747 1164 810 cale-s

126 832 256 909 scimus,
274 853 348 895 rore
366 831 600 915 humectamur,
620 831 708 895 sitim
727 831 796 896 rivo
815 831 1007 914 frangimus,
1029 836 1139 896 torum

125 918 292 984 ministrat
323 919 458 1003 humus,
496 941 645 984 somnum
683 919 868 984 sollicitudo
905 940 970 984 non
1007 921 1138 1004 rumpit,

125 1011 268 1071 mentem
291 1008 449 1090 cogitatio
472 1029 537 1072 non
561 1007 690 1090 fatigat.
736 1007 774 1071 In
796 1007 944 1072 homines
968 1008 1074 1072 nostri
1098 1009 1138 1071 si-

126 1094 219 1159 miles
244 1097 385 1178 superba
411 1117 477 1160 non
505 1095 666 1181 agitamus
694 1097 829 1179 imperia
856 1117 916 1160 nec
944 1117 1138 1180 quemquam

126 1182 178 1246 vel
205 1183 341 1247 minima
370 1187 525 1248 servitute
552 1185 710 1268 exigimus
738 1189 866 1268 praeter
895 1206 1024 1270 empne,
1053 1185 1138 1267 quod
1153 1207 1179 1246 ιο

126 1271 233 1334 solum
266 1272 373 1335 animo
411 1272 564 1335 famulari
600 1273 720 1335 debere
752 1294 929 1336 censemus.
983 1272 1137 1355 Alioquin

127 1359 263 1423 saevitia
286 1360 393 1423 estin
417 1359 607 1442 obsequium
630 1379 758 1443 cogere,
787 1382 867 1444 quos
894 1361 989 1425 nobis
1020 1360 1136 1424 fratres

126 1447 238 1510 eadem
261 1450 380 1511 natura
402 1446 576 1530 progenuit
605 1449 638 1510 et
665 1447 782 1530 quibus
806 1447 846 1512 ab
870 1470 935 1513 uno
960 1449 1020 1512 deo
1043 1452 1135 1532 patre

127 1535 346 1600 communium
383 1535 540 1598 bonorum
579 1536 754 1617 spondetur
786 1534 957 1599 hereditas.
1013 1535 1053 1599 In
1089 1558 1140 1600 ex-

128 1624 289 1687 struendis
309 1622 457 1687 domibus
476 1622 553 1707 igne
573 1643 651 1686 saxa
673 1643 740 1686 non
763 1623 917 1687 solvimus
941 1644 1001 1686 nec
1023 1623 1138 1687 limum
1152 1644 1177 1686 rs

127 1732 238 1774 rursus
271 1711 305 1773 in
341 1711 466 1793 lapides
505 1711 674 1777 subactum
706 1709 892 1775 fornacibus
925 1711 1139 1775 reformamus

127 1819 185 1862 nec
201 1797 399 1862 admixtione
412 1799 565 1863 velificati
580 1799 722 1881 pulveris
738 1803 906 1863 caementa
920 1799 1055 1863 duriora
1064 1820 1138 1863 con-

126 1886 265 1969 ficimus3
295 1886 508 1952 fundamenta
531 1908 596 1951 non
618 1886 754 1951 iacimus
783 1888 815 1950 in
838 1887 999 1971 profundo
1023 1909 1081 1952 neo
1104 1889 1138 1951 vi

125 1977 238 2038 nostra
252 1978 345 2044 uetus
366 1975 478 2038 oceani
491 1975 654 2059 possessio
672 1975 852 2058 mutilatur,
873 1981 910 2040 ut
928 1975 975 2040 ibi
989 1975 1138 2040 cubicula

125 2063 222 2127 nobis
246 2063 313 2127 sint
336 2063 460 2147 aprica,
483 2063 539 2127 nbi
561 2064 669 2127 fuerat
691 2063 1058 2147 quondamprocellosa
1081 2086 1137 2128 na·
1150 2087 1177 2126 ao

127 2151 260 2234 rigatio,
283 2152 359 2215 dum
383 2155 543 2215 terrarum
566 2152 702 2214 dilatare
726 2151 962 2235 quodammodo
986 2153 1140 2217 molimur

128 2239 318 2322 angustiora
348 2242 380 2302 et
410 2239 547 2303 defectui
577 2239 730 2304 creatoris
760 2241 848 2303 velut
878 2240 1036 2322 quaedam
1066 2262 1138 2323 sup·

126 2327 292 2408 plementa
310 2327 513 2408 praebemus.
551 2326 636 2402 Quin
660 2326 768 2409 potius
790 2329 824 2389 in
848 2326 986 2391 defossis
1010 2327 1138 2391 telluris

127 2414 288 2496 speluncis
312 2419 369 2477 aut
388 2415 535 2478 concavis
560 2415 721 2478 montium
739 2415 877 2492 latebris
897 2416 1057 2499 capaciter
1080 2415 1137 2478 ha-

128 2502 279 2566 bitamus.
325 2500 444 2566 Nullos
467 2502 513 2566 ibi
536 2506 708 2567 ventorum
730 2501 889 2580 fremitus,
912 2501 1033 2566 nullius
1056 2506 1137 2567 tem·
1152 2525 1178 2566 as

127 2591 264 2672 pestatis
287 2590 433 2654 turbines
452 2589 676 2654 formidamus.
713 2589 829 2655 Tutius
852 2612 912 2655 nos
932 2590 1075 2656 defendit
1097 2591 1137 2655 ab

218 2867 420 2922 llibidinandi
444 2869 480 2923 B.
511 2867 659 2924 laborandi
685 2869 718 2922 P.
751 2868 866 2923 lavandi
891 2870 925 2923 L.
961 2869 1077 2924 labandi
1101 2871 1138 2927 B.

128 2937 226 2993 livoris
250 2939 281 2994 V.
360 2945 476 2993 names
494 2939 528 2994 L.
563 2939 701 3007 quaedam
719 2939 754 2994 L.
832 2941 1042 2995 boontaotibus
1063 2942 1138 2996 RB.

128 3009 317 3063 contractibus
343 3009 379 3062 L.
418 3009 656 3065 contractionibus
686 3010 759 3066 VR.
866 3017 882 3064 9
908 3011 1039 3080 superbia
1063 3012 1138 3066 L.R.

125 3081 268 3148 agitamur
293 3080 328 3133 L.
373 3079 492 3148 imperia
517 3081 590 3137 RB.
634 3079 782 3149 imperium
808 3081 843 3136 L.
851 3081 923 3136 V.R;
1000 3087 1033 3135 10
1047 3083 1140 3136 ¹mini·

128 3167 173 3204 me
198 3149 234 3202 L.
271 3150 301 3203 in
327 3149 472 3204 minimam
497 3150 660 3205 servitutem
677 3150 713 3206 R.
751 3151 900 3222 exigimus]
926 3151 1078 3220 affligimus
1103 3154 1139 3207 B.

129 3219 400 3291 ‘1slimum]imum
419 3220 453 3274 L.
533 3226 565 3275 16
584 3220 708 3289 lapidem
727 3222 845 3276 subacta
862 3220 975 3276 fornace
995 3222 1026 3278 V.
1053 3221 1139 3277 refor-

129 3307 236 3344 mamus
255 3307 305 3346 om.
325 3291 358 3346 L.
424 3295 457 3343 18
477 3306 527 3344 nec
545 3292 575 3344 vi
592 3291 887 3346 nostra-mutiletur
904 3292 941 3346 R.
972 3309 1008 3347 ne
1027 3293 1072 3347 cui
1090 3309 1139 3347 no-

131 3363 217 3414 strum
233 3391 266 3401 -
281 3361 426 3416 mutiletur
444 3366 490 3416 cet.
513 3363 647 3426 (vestrum
665 3361 719 3430 L.).
804 3368 836 3415 19
855 3366 887 3416 ut
904 3363 945 3417 ibi
963 3362 1062 3418 Scblce.
1090 3363 1140 3417 ubi

129 3429 163 3483 L.
172 3432 205 3484 P.
234 3434 266 3485 ut
279 3431 314 3485 R.
342 3431 382 3486 ibi
396 3431 431 3486 B.
451 3448 501 3486 om.
516 3431 548 3485 V.
591 3438 625 3485 20
645 3430 752 3487 sintR.
771 3447 820 3486 cm.
837 3439 883 3487 cet.
910 3433 1015 3505 fuerat]
1036 3434 1089 3486 fnit
1103 3433 1138 3488 R.

129 3501 272 3570 navigatio
292 3519 341 3556 om.
352 3503 386 3556 L.
396 3503 429 3556 P.
466 3508 499 3555 21
519 3501 651 3556 molimur
660 3501 735 3557 LR.
754 3501 900 3557 molimina
909 3509 955 3558 cet.
993 3509 1027 3557 25
1045 3502 1138 3557 nullos

129 3571 329 3640 tempestatum
353 3574 387 3628 B.
460 3579 495 3628 26
513 3571 601 3628 totius
620 3574 653 3628 L.
