2648 3924
149 209 213 274 106
572 205 682 262 LIBER
700 207 734 262 ΙΙ.

148 372 248 438 etiam
281 373 378 454 atque
411 369 586 434 certamine
620 373 690 433 tum
718 368 759 434 ad
787 369 1002 435 mulcedinem
1033 372 1160 438 aurium

148 460 255 526 solitis
269 457 437 543 procurari
450 462 520 522 tum
540 458 580 522 ad
594 457 843 524 delectationem
862 460 1039 525 oculorum.
1075 459 1162 526 Nam

149 552 183 614 et
207 548 398 614 fortitudine
425 547 666 612 decertantibus
697 551 730 610 at
758 548 926 631 voluptate
957 570 1016 613 sua
1047 549 1161 634 auique

148 638 292 722 praemia
313 640 348 701 et
370 636 510 701 honores
535 657 661 700 annuos
685 636 810 700 statuit.

114 748 128 789 s
238 723 296 791 35.
319 725 463 810 Postque
486 726 575 804 haee,
596 722 683 809 qnod
707 745 745 788 ex
768 725 892 789 incerto
915 726 1025 810 regiae
1046 725 1159 790 incita·
1179 735 1226 790 38.

148 814 247 880 tionis
267 814 361 879 multi
379 814 515 880 victoris
539 813 683 878 animum
705 813 920 878 formidarent
943 835 1045 899 eoque
1068 815 1161 899 vagis

148 903 325 970 terroribus
341 903 552 988 agitarentur,
572 923 635 986 quo
652 905 844 967 cunctorum
862 902 988 968 animos
1002 903 1162 986 deliniret,

145 992 246 1058 edicit
264 994 299 1058 in
316 993 425 1075 verba,
449 1013 585 1075 quorum
605 990 767 1054 sententia
785 990 866 1055 baec
887 991 963 1055 fnit:
986 990 1068 1056 ‘Rex
1087 991 1162 1057 Ale·

147 1081 278 1164 xander,
293 1079 463 1145 Ammonis
484 1082 516 1144 et
530 1077 731 1164 Olympiadis
749 1079 847 1162 lilius,
866 1079 974 1145 Persis
990 1081 1075 1145 dicit.
1111 1080 1163 1145 Ea

108 1193 134 1233 ιο
149 1169 288 1254 quidem,
306 1189 389 1252 quae
408 1169 476 1232 iure
491 1168 568 1233 belli
585 1171 753 1232 transacta
772 1172 857 1251 sunt,
876 1168 1001 1233 nullum
1015 1169 1160 1252 profecto

149 1257 346 1340 sapientium
360 1259 440 1339 puto
458 1279 517 1340 pro
537 1257 651 1341 culpae
670 1256 786 1321 merito
801 1261 999 1340 putaturum.
1027 1257 1161 1322 Etenim

149 1346 211 1410 diis
238 1346 304 1410 ista
331 1346 495 1410 sententia
523 1350 586 1428 est,
613 1367 712 1429 quam
740 1345 872 1430 exsequi
899 1346 1093 1410 mortalibus
1118 1346 1162 1410 sit

147 1455 287 1498 neeesse.
337 1431 443 1508 Quare
469 1435 593 1519 superis
621 1433 752 1520 quidem
776 1433 883 1498 habeo
914 1436 1051 1519 gratias,
1080 1433 1161 1499 favit

149 1523 276 1588 acribus
296 1523 386 1588 meis.
423 1523 523 1588 Enim
546 1545 631 1588 nuno
651 1523 804 1608 quoniam
823 1543 882 1588 vos
902 1543 1028 1607 quoque
1046 1527 1162 1588 nostra

82 1635 134 1675 ·rs
148 1633 227 1676 cura
246 1633 316 1676 esse
335 1613 499 1696 coepistis,
523 1613 605 1676 scire
624 1633 682 1677 vos
702 1633 762 1696 par
783 1614 840 1694 est,
864 1615 1012 1694 satrapas
1033 1611 1160 1696 quidem

149 1699 336 1784 regionibus
355 1701 558 1782 constitutos,
582 1699 699 1783 quibus
723 1721 762 1764 ex
786 1720 875 1763 more
893 1700 1051 1783 parebitis
1074 1701 1162 1765 haud

148 1810 239 1854 secus
258 1809 401 1872 prorsus,
419 1810 458 1852 ec
476 1789 504 1852 si
524 1789 583 1852 sub
600 1787 701 1852 Dario
721 1798 792 1852 mos
811 1792 894 1872 erat3
918 1809 1018 1874 eoque
1036 1789 1067 1852 id
1088 1810 1162 1853 oon·

147 1877 284 1960 sultavi,
312 1897 354 1940 ne
383 1876 508 1940 ineerta
533 1875 717 1961 regentium
747 1877 932 1942 observatio
960 1878 1033 1961 plus
1061 1893 1161 1960 penes

148 1985 206 2029 ros
225 1964 361 2028 heberet
379 1963 563 2028 formidinis
583 1985 680 2047 quam
699 1965 857 2030 veritatis.
896 1963 1040 2030 Utemini
1060 1967 1161 2050 igitur
1180 1975 1224 2028 39.

107 2077 135 2118 eo
150 2052 278 2137 legibus
302 2052 419 2116 vestris
443 2052 565 2136 pariter
588 2073 625 2118 ac
648 2053 802 2119 moribus.
844 2052 934 2118 Idem
958 2054 1043 2119 enim
1068 2053 1161 2119 vobis

149 2144 337 2225 conventus,
360 2140 489 2206 eaedem
509 2141 745 2206 sollemnitates
764 2147 797 2206 et
815 2143 940 2226 suavia3
963 2163 1023 2208 nea
1042 2163 1162 2228 vagum

149 2251 343 2315 quemquam
371 2251 391 2294 a
418 2231 551 2315 regione
574 2227 626 2295 vel
650 2230 779 2295 sedibus
803 2231 870 2295 suis
893 2231 1060 2296 aberrasse
1084 2253 1161 2315 quo·

148 2319 236 2402 piam
259 2318 456 2401 probaturus
481 2339 566 2403 snm,
593 2319 712 2402 quippe
737 2319 855 2403 quibus
879 2321 1077 2402 patrimonia
1098 2320 1162 2403 pri-

147 2410 225 2472 uata
247 2406 367 2472 habere
391 2408 607 2491 permiserim,
635 2409 780 2490 exceptis
804 2429 882 2473 auro
905 2409 1030 2491 pariter
1058 2412 1090 2472 et
1113 2429 1162 2472 ar—

104 2515 134 2559 as
149 2499 263 2580 gente,
296 2517 379 2581 quae
412 2497 591 2561 communis
627 2495 682 2560 hic
713 2516 792 2560 usus
830 2497 935 2582 magis
968 2517 1038 2562 esse
1055 2497 1162 2581 regia

148 2585 329 2649 confitetur.
375 2583 516 2668 Reliqua
538 2603 615 2649 vero
639 2584 743 2650 omnis
767 2589 913 2669 moneta,
941 2607 1023 2672 quae
1048 2586 1161 2670 cuique

148 2676 206 2755 est,
228 2672 359 2737 domino
382 2674 597 2756 permittetur.
635 2673 899 2738 Armamentaria
923 2695 1000 2738 sane
1023 2674 1161 2756 privata,

148 2761 177 2824 si
200 2761 233 2822 in
256 2782 350 2824 usum
375 2762 540 2843 publicum
565 2764 715 2845 satrapae
734 2761 917 2826 necessaria
935 2761 1085 2846 viderint,
1108 2762 1160 2825 his

148 2868 275 2931 quoque
306 2869 362 2913 eos
392 2849 441 2912 uti
472 2852 622 2935 oportere
652 2849 813 2913 mandavi.
868 2849 1009 2934 Agmina
1039 2850 1162 2933 pariter

106 2960 133 3000 eo
147 2937 347 3022 peregrinari
383 2936 479 3020 inque
515 2938 626 3002 aliena
652 2937 792 3002 transire
828 2937 1066 3022 interdixerim,
1096 2938 1161 3002 nisi

239 3083 252 3130 1
273 3075 460 3130 mulcedinem
482 3075 512 3132 T.
541 3075 718 3130 dulcedinem
737 3075 773 3130 A.
853 3081 868 3130 2
888 3076 1107 3132 delectationem
1129 3075 1160 3131 Τ.

147 3145 343 3202 delectationis
361 3146 398 3201 A.

235 3217 284 3272 35.
299 3217 396 3272 8dicit
403 3218 437 3271 P.
451 3215 521 3272 haec
531 3233 580 3272 om.
587 3218 621 3273 Ρ.
651 3223 683 3272 10
697 3217 805 3272 nullam
815 3217 942 3287 profecto
954 3217 1160 3288 sapientiamT.

149 3287 181 3342 12
201 3287 255 3342 diis
274 3288 306 3344 Τ.
335 3303 385 3342 om.
404 3287 479 3344 A.P.
553 3295 586 3342 13
605 3289 711 3358 superis
732 3289 764 3343 Τ.
793 3305 877 3358 snper
894 3288 939 3342 his
957 3291 992 3345 A.
1017 3304 1105 3359 super
1125 3290 1160 3344 P.

147 3362 181 3410 21
202 3358 395 3413 solemnitates
409 3359 445 3413 A.
464 3359 634 3414 festivitates
651 3361 685 3414 P.
736 3365 770 3414 23
789 3362 923 3429 probatus
939 3359 970 3415 T.
999 3361 1113 3430 privata
1128 3359 1160 3415 T.

147 3425 231 3494 priva
249 3428 323 3484 ΑΡ.
396 3435 431 3483 24
450 3430 617 3498 permissum
641 3433 684 3484 est
709 3429 739 3486 T.
812 3437 846 3485 26
865 3447 937 3498 quae
961 3432 1061 3500 cuique
1086 3432 1118 3487 P.
1127 3431 1160 3488 T.

146 3499 385 3631 qpraiecaurpqpeal.
433 3505 466 3554 27
485 3499 658 3569 permittitur
669 3499 756 3556 Man.
802 3506 836 3555 30
854 3501 1028 3572 peregrinari
1037 3501 1070 3556 P.
1098 3519 1161 3572 per-

208 3583 258 3618 nr
322 3609 328 3622 .
