2648 3924
469 257 598 314 OBlTUS
616 258 840 316 ALEXANDRI.
1092 263 1163 329 123

149 421 296 510 gloriae?
315 442 398 505 quae
416 418 586 486 diversitas
607 420 825 507 dignitatum?
844 424 917 509 quis
936 425 1006 490 voti
1024 426 1162 492 modus?

148 511 287 578 Desinet
304 509 453 593 protinus
472 509 537 575 coli
554 512 651 594 terra,
670 512 852 577 transmitti
871 534 969 597 mare,
988 513 1163 580 desiderari

150 599 321 680 successio,
344 619 418 663 cum
440 597 499 662 illa
517 599 700 683 promptior
723 600 768 665 sit
789 604 924 666 naturae
942 601 1084 668 hominis
1109 603 1174 688 ad(

148 688 281 754 miratio
300 707 365 751 non
384 685 497 770 videri,
521 708 603 772 quae
627 692 765 768 metuas,
789 711 861 754 eum
885 690 1073 757 meminisse
1096 713 1162 756 non

147 778 276 842 desinas
296 774 559 842 desideratorem.
594 775 729 842 Etenim
748 778 861 861 quanti
880 779 1057 864 qualesque
1075 797 1161 846 meo·
1181 803 1195 844 s

146 887 219 930 rum
247 864 345 929 etiam
373 863 508 947 proeliis
537 863 701 930 cecidere?
730 866 845 950 quanti
872 889 948 932 vero
976 867 1086 952 adepti
1109 867 1162 932 de-

148 951 311 1020 siderata?
364 950 441 1017 Non
473 974 512 1017 ex
540 952 672 1018 illorum
704 954 911 1020 incommodo
939 956 1162 1022 condicionem

148 1065 254 1127 suam,
282 1041 339 1106 sed
367 1061 407 1105 ex
433 1041 506 1124 ipso
533 1045 695 1124 proventu
717 1042 952 1109 beatitudinem
975 1046 1161 1111 metiuntur.

145 1131 237 1196 Haec
264 1129 401 1215 denique
429 1151 494 1194 una
515 1129 644 1195 vivendi
672 1130 726 1195 lex
753 1134 817 1216 est,
844 1133 927 1199 uelle
957 1133 1020 1198 sibi
1047 1156 1161 1199 unum·

27 1251 30 1256 ·
147 1240 321 1306 quemque,
344 1216 432 1303 quod
453 1239 553 1302 penes
579 1218 717 1284 alterum
739 1218 865 1305 videat,
886 1224 924 1285 ut
946 1221 1068 1287 habeat
1089 1224 1201 1309 ipsese

147 1330 285 1394 quoque,
309 1307 396 1392 quod
418 1328 495 1372 mox
516 1308 722 1372 transmittat
744 1308 786 1373 ad
810 1308 954 1375 ceteros?

238 1393 295 1462 14.
321 1395 381 1460 His
400 1395 586 1480 talibusque
610 1417 683 1461 cum
707 1417 778 1462 sese
795 1402 876 1464 tunc
893 1397 1078 1464 Alexander
1123 1403 1212 1461 XVII.

146 1485 387 1568 oblectavisset,
405 1484 490 1548 exim
508 1484 570 1548 iter
584 1506 717 1568 prorsus
736 1487 920 1570 exsequitur
939 1487 1075 1553 arduum
1091 1488 1158 1573 qui·
1176 1485 1224 1540 23.

146 1575 220 1639 dem
249 1572 330 1637 illud
360 1577 395 1637 et
423 1572 717 1638 laboriosissimum
747 1573 843 1639 inviis
873 1575 954 1640 locis
984 1577 1160 1661 asperitate

145 1666 281 1728 naturae
317 1665 350 1726 et
382 1660 556 1726 colentium
588 1661 752 1727 vastitate.
806 1662 919 1748 Deque
951 1664 1063 1730 labore
1096 1664 1158 1730 hoc
1173 1683 1200 1726 1e

147 1751 319 1816 Aristoteli
342 1749 486 1815 scribens
509 1749 668 1834 magistro
691 1753 728 1814 ut
750 1751 803 1816 vel
826 1753 1004 1818 maximum
1027 1753 1090 1817 sibi
1113 1756 1159 1816 te·

148 1839 338 1904 stimonium
370 1838 448 1904 dicit
484 1838 593 1922 eisque
625 1839 745 1904 litteris
781 1841 945 1906 sententia
976 1841 1052 1906 talis
1087 1840 1159 1906 fuit.

148 1926 286 2011 ‘Operae
313 1928 453 2012 pretium
481 1931 547 2010 est,
579 1927 624 1992 mi
656 1927 829 2014 magister,
861 1949 973 1994 eorum
1006 1929 1160 2012 omnium,

146 2038 230 2102 quae
248 2016 367 2080 sintin
389 2015 513 2080 nostris
532 2016 699 2081 laboribus
721 2018 871 2103 maxima,
895 2039 1080 2103 eorumque,
1103 2017 1159 2104 qui

144 2102 270 2171 mecum
292 2126 358 2168 una
376 2104 589 2169 toleraverint
607 2104 883 2191 inopinatissima,
904 2109 937 2171 te
960 2106 1158 2190 participare
1173 2128 1199 2170 so

235 2277 411 2333 lmodosB.
449 2277 643 2332 adesiderare
652 2277 688 2331 A.
726 2276 883 2334 ehominis
896 2279 993 2334 cm.B.
1032 2277 1159 2335 isidori

144 2349 221 2406 codd.
239 2349 353 2404 videre?
397 2348 550 2404 tceddere
565 2350 601 2404 B.
644 2348 854 2404 Smentiuntur
867 2350 902 2404 A.
946 2349 1037 2405 esibi
1055 2366 1107 2407 om.
1122 2349 1157 2406 A.

147 2425 180 2474 11
198 2420 375 2475 transmittat
393 2420 468 2474 RB.
496 2418 681 2474 transmilitat
699 2419 735 2474 A.

233 2491 283 2546 14.
310 2496 343 2545 11
362 2490 468 2544 talibus
487 2490 523 2544 A.
549 2506 613 2544 cum
632 2506 683 2545 om.
701 2489 777 2546 RB.
834 2496 866 2545 1³
885 2489 1104 2546 oblectavissent
1121 2492 1158 2548 B.

146 2564 181 2615 14
198 2562 267 2617 locis
286 2559 395 2617 indicas
409 2561 562 2631 asperitate
576 2562 611 2617 B.
650 2565 683 2614 15
702 2561 769 2617 Post
782 2561 917 2616 vastitate
935 2561 968 2616 in
982 2562 1015 2617 P.
1030 2563 1159 2631 tenantur

143 2634 222 2688 toea:
246 2632 378 2688 ‘Interim
401 2648 464 2687 cum
488 2648 573 2686 unam
597 2629 743 2686 civitatem
766 2630 797 2685 in
820 2631 866 2686 die
889 2631 1045 2702 obsideret,
1068 2632 1158 2689 scalas

144 2720 224 2759 muro
266 2701 404 2758 raecelsas
423 2702 568 2757 admoveri
590 2702 676 2758 iubet.
714 2703 821 2769 Quibus
845 2703 966 2758 admotis
990 2721 1055 2758 cum
1076 2720 1157 2774 prae·

146 2721 301 2843 grandiius
320 2772 395 2828 saxis
414 2772 449 2856 de
468 2772 542 2828 saxis
561 2774 723 2843 frangerent
738 2790 806 2857 rapu
820 2776 936 2857 nantes,
956 2774 1018 2830 sola
1035 2791 1092 2845 qua
1109 2792 1159 2830 rex

146 2844 305 2971 {rasili
332 2842 786 2971 ddsllffeslliliallllds
812 2845 1053 2972 crissen
1073 2845 1158 2972 11

144 2934 410 3054 multitudineiiaque
424 2983 501 3040 urbis
515 2986 545 3041 in
559 2957 621 3042 isse
636 2987 787 3054 convertit3
805 2987 919 3056 iamque
933 2990 1065 3057 vergente
1080 2987 1126 3042 dis
1140 3003 1158 3041 a

145 3054 234 3112 latere
249 3073 358 3112 summo
374 3055 543 3132 vulneratur,
563 3060 592 3113 et
609 3060 724 3140 recepto
743 3059 829 3114 altius
846 3059 921 3114 ferro
940 3057 1032 3128 decipi
1051 3056 1157 3112 viribus

145 3127 263 3198 occepit.
296 3127 329 3181 Id
343 3128 511 3183 macedones
526 3128 679 3184 coniectati
692 3127 722 3184 vi
736 3130 859 3184 claustra
872 3127 1032 3198 effringunt,
1050 3143 1157 3198 regem-

145 3215 200 3267 que
225 3215 306 3254 suum
332 3196 507 3254 diffidentem
529 3198 690 3268 recipiunt?
730 3200 807 3270 Quae
832 3200 889 3267 fere
914 3200 1071 3254 1111111111
1095 3214 1157 3254 con-

142 3271 266 3325 sentiant
284 3285 346 3325 cusa
358 3269 457 3325 Itioer.
475 3285 497 3324 c.
512 3269 588 3337 LII,
611 3271 684 3325 ande
701 3271 799 3325 menda
817 3271 948 3339 cornipes.
985 3269 1027 3324 De
1046 3285 1101 3338 quo
1120 3270 1156 3325 Β.

146 3344 179 3394 11
203 3339 245 3395 nti
268 3340 315 3396 vel
336 3339 460 3395 maximo
477 3341 514 3394 B.
604 3345 637 3395 17
657 3341 752 3408 eisque
774 3341 878 3396 litteris
898 3340 1008 3408 scripsi.
1042 3341 1158 3409 eiusque

144 3409 258 3466 litterae
280 3412 316 3466 A.
343 3411 425 3480 eique
447 3410 551 3466 litteris
574 3411 607 3465 P.
636 3411 717 3478 eique
740 3409 851 3466 litteras
873 3411 910 3465 B.
946 3411 1157 3481 1111111111-

139 3482 257 3548 scriptio
288 3484 321 3537 iss
348 3481 383 3537 A.
412 3483 512 3551 lapiton
538 3482 619 3536 toea:
649 3479 828 3536 EPISTOLA
859 3479 1075 3537 ALEXANDRI
1106 3482 1157 3538 AD
1194 3474 1197 3490 ¹

144 3550 406 3608 ARISTOTELEM
424 3551 652 3609 MAGISTRVM.
687 3558 723 3608 18
743 3568 826 3622 opere
840 3569 910 3609 corr.
929 3569 963 3609 ee
977 3555 1106 3624 oportere
1120 3555 1156 3610 A.

144 3627 180 3676 20
196 3623 422 3694 inopinatissima
438 3624 545 3694 11111111.
574 3621 768 3693 opinatissima
786 3624 862 3679 codd.
