2650 3920
456 221 585 277 OBITUS
604 221 824 278 ALEXANDRI.
1080 223 1145 287 159

134 389 224 473 equis
248 386 313 450 ritu
332 384 495 469 praesenti
519 385 570 448 die
595 388 706 448 secuta
731 384 804 463 alic,
828 407 926 469 quam
946 405 1145 468 veneramus,

133 477 248 542 itinere
275 473 480 557 repedemus3
507 471 780 556 fuitqueoperae
803 473 943 555 pretium
970 473 1043 538 illas
1068 496 1145 557 quo·
1184 489 1192 504 ·

134 585 195 649 que
218 584 315 627 nosse
338 562 498 646 regiones.
539 559 644 625 Multa
667 561 754 624 enim
777 559 945 625 hominum
971 581 1089 643 genera
1112 567 1146 627 et

133 652 301 717 invisitata
325 654 400 715 sunt
423 649 517 713 nobis
541 649 680 733 cognita,
704 670 841 732 quorum
860 649 911 713 vel
931 650 1072 713 maxime
1088 672 1145 715 no·

55 771 58 776 ·
133 742 184 806 bis
210 738 417 804 admirationi
445 737 508 801 fuit
531 737 715 801 videntibus
738 737 885 802 homines
915 738 1035 822 absque
1059 739 1170 822 capi-a

132 829 221 894 tibus
240 828 439 910 corporatos.
474 824 624 909 Namque
647 825 699 889 his
721 825 910 890 hominibus
930 826 1015 890 oculi
1035 830 1144 908 pecto·

133 918 221 981 ribus
241 915 455 999 inhaerentes,
476 916 571 997 atque
591 936 627 978 os
647 935 741 979 omne
761 917 928 997 ceteraque
947 915 1013 978 oris
1032 914 1066 976 in
1087 915 1145 978 dio

133 1009 226 1090 parte
254 1003 398 1087 corporis
426 1003 525 1066 situm
553 1002 729 1085 plurimum
756 1002 963 1068 mirabamur.
1012 1001 1085 1066 Illic
1113 1007 1153 1086 et,

133 1093 352 1176 Troglodytas
377 1090 582 1172 offendimus,
609 1091 664 1174 qui
691 1092 803 1154 subter
825 1097 945 1156 terram
970 1091 1144 1155 domiciliis

133 1181 266 1264 scalptis
295 1201 332 1244 ac
357 1179 456 1244 fossis
485 1177 525 1241 ad
554 1178 751 1262 serpentium
779 1179 882 1244 instar
910 1201 1054 1245 secessus
1083 1179 1145 1243 sibi
1160 1177 1186 1238 ui

133 1272 165 1334 et
196 1268 385 1333 habitacula
416 1267 613 1330 laboravere.
667 1266 759 1341 Quod
790 1265 879 1352 ergo
901 1269 987 1332 exim
1020 1268 1145 1332 eminus

132 1359 237 1424 risere
270 1360 355 1420 esset
387 1355 535 1418 tellurem
568 1354 729 1436 quandam
762 1356 859 1420 sitam
892 1356 980 1420 velut
1013 1354 1047 1420 in
1073 1364 1144 1420 'me-

133 1445 306 1528 diamari,
330 1445 503 1509 aestimato
527 1442 657 1526 longius
681 1463 779 1525 quam
807 1444 902 1507 unius
926 1444 990 1508 diei
1012 1444 1143 1528 naviga·

131 1536 220 1600 tione
250 1536 449 1616 separatam,
477 1552 515 1595 eo
543 1531 751 1614 navigatione
780 1531 1014 1596 contendimus.
1060 1531 1143 1615 Rep-

41 1693 44 1698 ,
133 1624 274 1707 perimus
312 1622 346 1684 in
382 1621 440 1684 illa
476 1618 584 1683 insula
621 1619 804 1702 civitatem,
840 1639 923 1704 quac
956 1617 1040 1683 Solis
1074 1641 1144 1684 esse
1159 1638 1185 1680 15

133 1711 302 1793 diceretur,
326 1709 468 1772 ambitus
493 1707 599 1791 spatio
622 1728 688 1771 non
711 1707 818 1771 minus
843 1707 1013 1792 sexaginta
1031 1708 1145 1772 stadiis

133 1797 420 1881 circumscriptam.
454 1793 516 1861 Sed
536 1797 656 1860 anime
676 1795 781 1860 medio
801 1795 943 1860 civitatis
961 1800 1145 1861 constructo

133 1887 273 1972 quodam
298 1889 508 1969 ercongesto
535 1884 571 1948 in
598 1885 670 1949 loco
700 1905 811 1948 currus
841 1905 956 1949 aureus
979 1885 1146 1949 visebatur

131 1997 197 2040 uua
221 1974 344 2040 scilicet
367 1975 457 2059 equis
477 1977 573 2057 atque
597 1974 759 2038 insessorc
778 1994 874 2037 aureo
894 1974 1070 2038 laboratus.
1111 1973 1144 2037 Is

132 2065 237 2129 onmis
265 2063 358 2127 labor
381 2063 419 2126 de
444 2061 515 2126 auri
538 2062 674 2126 materia
698 2065 730 2126 et
753 2062 917 2146 smaragdi
943 2062 1013 2126 fuit.
1059 2061 1144 2126 Mira
1158 2081 1183 2122 so

130 2157 242 2217 tamen
266 2151 437 2234 opificinae
460 2151 614 2214 maiestas
642 2171 701 2215 nec
729 2150 787 2213 ulli
816 2151 850 2213 in
881 2150 957 2214 orbe
980 2153 1142 2213 terrarum

132 2241 223 2322 operi
245 2240 342 2303 facile
366 2235 594 2302 contendenda.
640 2236 816 2302 Enimvero
841 2236 897 2301 isti
920 2237 1046 2322 regioni
1071 2259 1144 2300 cum

132 2327 261 2391 adesset
285 2321 433 2390 sacerdos
456 2321 632 2407 Aethiops,
661 2347 698 2388 eo
722 2328 897 2408 praeeunte
921 2323 990 2389 Soli
1012 2325 1143 2410 religio·

133 2415 200 2478 sius
225 2417 375 2496 operatus
399 2434 479 2476 sum.
1158 2434 1186 2474 aa

194 2529 197 2534 ·
223 2500 282 2566 52.
316 2502 363 2565 Ac
394 2501 440 2565 sic
470 2503 667 2564 revertentes
698 2501 884 2574 locorumna
915 2523 955 2565 an
985 2502 1143 2586 temporis
1162 2512 1206 2565 84.

132 2591 284 2655 tenebras
306 2588 484 2673 profundas
510 2587 710 2652 offendimus.
751 2587 846 2653 Unde
869 2611 942 2653 cum
965 2591 1049 2654 ratio
1073 2591 1145 2675 ipsa

133 2680 290 2745 suasisset
323 2677 443 2742 ibidem
475 2677 652 2741 mansitare
683 2679 715 2741 ct
744 2677 926 2742 reficiendis
960 2679 1081 2744 nostris
1113 2684 1145 2744 et

187 2881 190 2890 '
222 2869 333 2923 3enim
351 2885 400 2924 om.
421 2869 453 2923 P.
519 2865 683 2935 suamque
701 2874 748 2923 etc.
768 2871 803 2922 A.
840 2868 939 2938 Neque
958 2869 1002 2924 his
1021 2870 1145 2926 bomini-

131 2942 183 2995 bus
208 2939 283 2995 oculi
307 2938 364 2993 nisi
388 2937 554 3008 peccoribus
578 2938 644 3007 (nisi
669 2940 806 2994 additam·
821 2941 855 2995 ab
881 2942 970 2996 attera
994 2944 1090 3009 mauu)
1110 2942 1143 2995 P.

133 3018 148 3067 7
168 3011 220 3065 illa
234 3011 339 3066 addidi.
365 3011 397 3065 in
410 3011 534 3090 marpiae
549 3011 605 3064 cod.
622 3010 654 3064 P.
669 3011 853 3080 adsumtum.-
867 3011 1023 3081 Oenopbali
1037 3011 1145 3066 scilicet

132 3081 240 3136 caninis
261 3081 379 3135 rictibus
403 3080 530 3135 hommes
548 3079 678 3134 vultuati.
715 3081 773 3135 Alii
797 3083 902 3150 absque
927 3083 1065 3152 capitibus
1089 3083 1144 3137 oris

131 3167 244 3207 omnem
263 3169 343 3206 usum
361 3151 523 3220 pectoribus
541 3151 730 3219 praeferentes
749 3153 844 3207 oculos
864 3169 1001 3223 auresque
1021 3156 1050 3208 ct
1068 3154 1144 3222 quic-

132 3223 201 3293 quid
220 3223 364 3277 hominem
382 3221 513 3290 integrat.
561 3221 762 3290 etrogodytas
776 3223 811 3276 A.
836 3224 978 3292 rogoditas
999 3225 1032 3278 P.
1062 3241 1145 3293 super

131 3297 236 3348 terram
259 3295 291 3348 P.
356 3297 388 3347 10
407 3309 530 3364 secessus
549 3293 656 3360 scripsi.
685 3308 828 3346 successus
848 3296 924 3348 ΑΡ.
992 3300 1023 3347 12
1044 3296 1073 3348 et
1091 3293 1144 3348 tal-

131 3364 221 3418 lurem
240 3364 273 3418 P.
353 3369 386 3417 14
405 3363 563 3433 separatam
584 3364 656 3416 Mai.
686 3368 816 3433 separata
834 3366 871 3417 A.
879 3365 912 3419 P.
992 3371 1024 3419 16
1044 3363 1144 3418 stadiis

116 3434 229 3490 ‘om.P.
272 3440 305 3488 19
325 3433 376 3489 His
396 3435 485 3488 omnis
495 3434 531 3489 A.
540 3433 574 3485 P.
612 3439 646 3487 20
665 3435 819 3502 smaragdis
829 3435 862 3489 P.
904 3441 937 3488 22
957 3452 1026 3504 quae
1043 3435 1108 3489 iada
1127 3453 1145 3488 u

134 3505 361 3560 ‘contendenda’·
373 3507 500 3575 leputatur
518 3521 601 3573 usque
620 3506 657 3560 od
676 3504 806 3560 ‘Tanaim
821 3506 920 3573 usque'
939 3511 1022 3574 saofi
1042 3521 1092 3560 om.
1109 3505 1142 3557 P.

133 3581 168 3631 23
187 3578 339 3644 praecunte
359 3578 432 3632 Mai.
460 3576 627 3647 praeeuntes
647 3577 681 3630 A.
