2654 3926
154 235 174 298 6
584 235 692 291 LIBER
709 236 729 291 I.

154 403 192 463 ut
220 418 469 481 praecursorem.
524 397 570 462 Flt
606 398 633 462 is
665 397 767 462 intrat
803 398 843 462 ad
879 398 1040 464 feminam.
1096 397 1166 474 Quo

155 488 226 553 viso
258 485 317 550 illa
348 507 424 551 mox
455 485 623 552 horridula
654 507 732 570 prae
765 490 854 552 metu
885 487 994 552 disicit
1023 508 1167 571 quosque

156 578 355 660 praesentes,
377 578 449 660 ipsa
473 596 548 641 vero
569 575 744 640 secundum
762 575 922 640 monitum
942 576 999 640 dat
1018 597 1089 639 sese
1108 575 1168 639 lec·

155 663 224 728 tulo
248 667 282 727 01
304 664 450 748 obnupta
467 665 559 728 vultu
579 663 648 727 solo
672 664 765 728 oculo
789 662 829 727 ad
850 667 1080 748 superventum
1100 663 1167 749 opi-

130 752 226 817 snati
244 751 295 816 dei
314 752 438 817 curiose
457 751 631 818 intendebat
648 751 790 835 viditque
808 751 912 836 illum,
936 775 1030 838 quern
1053 773 1166 818 somno

157 845 234 905 ante
257 845 477 925 praeceperat.
518 839 565 904 At
586 840 641 904 ille
661 843 788 924 sceptro
808 839 956 924 deposito
980 861 1169 906 conscenso·

157 951 219 1014 que
242 930 361 994 lectulo
379 929 510 1013 nuptias
530 929 603 1014 agit
622 929 769 1014 eximque
788 931 880 994 utero
901 930 970 995 eius
989 931 1169 1013 superiecta

157 1039 266 1101 manu,
288 1016 432 1100 ‘Habea'
450 1017 563 1101 inquit,
588 1015 618 1080 ‘o
639 1017 757 1081 mulier
779 1037 817 1080 cx
837 1017 931 1082 nobis
950 1017 1031 1083 haec
1050 1018 1170 1082 invicta

158 1110 191 1170 01
218 1105 471 1188 insubiugabilia
495 1104 635 1182 foedera.
682 1103 806 1188 Quippe
835 1105 974 1189 gaudeto
1003 1109 1035 1170 te
1064 1106 1170 1190 gravi·

118 1213 143 1252 ιο
159 1195 233 1258 dam
262 1215 301 1257 ex
328 1194 411 1272 filio,
443 1214 506 1277 quo
534 1193 661 1258 vindice
689 1198 723 1258 et
750 1194 895 1258 universi
922 1195 1011 1259 orbis
1040 1195 1170 1260 domino

158 1280 299 1346 laetare?
350 1281 410 1345 His
439 1283 486 1345 ita
514 1281 608 1347 dictis
638 1285 830 1367 sceptroque
858 1287 990 1368 recepto
1019 1284 1170 1349 conclave

159 1370 234 1434 exit.
272 1367 335 1433 Sed
358 1391 452 1436 mane
474 1371 541 1434 iam
560 1370 734 1436 lusissente
753 1372 870 1436 mulier
889 1373 1026 1438 alacrior
1044 1369 1170 1435 laetitia

159 1458 196 1521 u't
226 1457 332 1542 potita
364 1459 416 1524 dei
448 1459 629 1524 cubiculum
659 1460 843 1526 Nectanabi
872 1460 1037 1544 inrumpit.
1088 1458 1122 1522 Is
1152 1478 1169 1520 e

160 1568 274 1612 somno
306 1547 464 1612 excitatus
495 1552 532 1612 nt
562 1549 689 1614 nescius
720 1550 766 1613 rei
797 1571 927 1614 causam
959 1546 1084 1632 quaerit
1117 1546 1170 1610 ad-

120 1639 282 1700 reventus.
328 1635 410 1702 Tum
434 1637 490 1701 illa
514 1636 654 1720 ‘Facta'
678 1637 796 1721 inquit,
826 1637 1063 1721 ε0001001010,
1089 1656 1171 1720 quae

159 1724 377 1808 promiseras?
407 1724 453 1788 Et
466 1724 522 1788 ille
538 1747 608 1788 sese
623 1725 762 1807 gaudere
778 1724 943 1807 professus
961 1730 1018 1792 est.
1048 1725 1172 1790 Rursus

161 1813 277 1877 mulier
291 1810 455 1897 ‘Ergone'
471 1813 587 1895 inquit,
602 1812 699 1874 ‘ultra
713 1812 826 1875 adesse
841 1811 1052 1895 dignabitur?
1086 1811 1173 1877 Nam

161 1903 210 1962 est
233 1897 314 1963 mibi
337 1899 435 1962 etiam
459 1919 551 1962 amor
574 1898 614 1962 ad
637 1899 768 1980 nuptias
792 1899 884 1964 tales.
925 1897 962 1962 Id
986 1900 1073 1964 enim
1092 1900 1173 1964 mibi

161 2008 274 2051 sensus
299 1987 416 2053 coniux
439 1986 570 2070 coniugi
593 1985 689 2050 dedit.
734 1984 829 2051 Nunc
852 1989 963 2058 tamen
985 1990 1108 2070 metuo,
1136 1991 1174 2051 ut

121 2093 147 2134 20
161 2074 225 2139 ista
248 2073 467 2140 cessaverint?
505 2073 588 2138 Tum
607 2093 722 2159 magus
741 2074 896 2160 gaudens,
919 2075 1006 2159 quod
1030 2096 1173 2140 amorem

162 2163 213 2227 sui
236 2163 353 2228 mulier
376 2165 550 2228 testaretur
578 2163 612 2227 in
639 2163 701 2228 hoc
724 2163 837 2247 verbo,
866 2163 913 2228 011
942 2163 982 2228 ad
1010 2163 1171 2249 reginam:

162 2249 316 2316 ‘Huiusce
345 2251 395 2316 dei
424 2251 573 2316 minister
603 2272 664 2336 ego
696 2269 784 2334 sum,
815 2256 848 2317 et
878 2273 951 2318 cum
978 2253 1068 2318 voles
1096 2251 1174 2317 talis
1232 2311 1236 2316 .

162 2339 273 2404 mariti
296 2345 505 2424 conventum,
528 2345 686 2405 secretum
710 2361 837 2424 quoque
860 2343 993 2424 praesta
1017 2342 1174 2407 sollemne

163 2428 306 2514 mihique
329 2428 438 2514 dicito,
461 2433 498 2494 ut
516 2429 710 2514 purgatione
734 2430 891 2496 sacricula
910 2451 1088 2514 procurem,
1112 2453 1174 2515 quo

123 2537 149 2578 n
163 2517 203 2581 ad
231 2521 264 2582 10
291 2539 403 2584 rursus
433 2517 603 2584 adveniat?
654 2516 737 2582 Tum
765 2539 843 2602 ergo
871 2518 929 2583 illa
957 2519 1175 2585 deversorium

164 2605 298 2671 solitum
320 2607 510 2674 Nectanabo
534 2607 698 2690 promittit
727 2609 760 2671 et
783 2609 891 2673 claves
915 2607 1054 2673 cubiculi
1078 2627 1175 2691 mago

164 2693 234 2757 dari
252 2694 356 2779 iubet3
375 2717 415 2759 ex
429 2718 492 2781 quo
507 2695 688 2778 promptior
702 2695 766 2760 illia
787 2700 857 2761 erat
875 2695 908 2760 in
922 2695 965 2777 id,
984 2694 1070 2779 quod
1087 2695 1175 2778 cupi·

164 2785 288 2864 verant,
311 2788 518 2868 commeatus,
542 2785 601 2848 sub
626 2785 778 2868 opinione
801 2787 911 2848 tamen
928 2781 1098 2848 Ammonis
1116 2783 1176 2848 dei.

254 2867 316 2934 Sed
343 2871 410 2935 iam
434 2873 506 2936 alvo
536 2875 569 2936 et
595 2872 753 2937 lateribus
782 2871 1039 2937 excrescentibus
1064 2870 1176 2948 ‘Quid-

124 2981 151 3020 eo
165 2957 262 3044 nam,'
285 2959 402 3044 inquit,
424 2959 456 3025 ‘o
476 2960 645 3045 propheta,
668 2960 748 3024 mihi
767 2959 832 3044 fiet,
856 2961 973 3046 quidve
991 2982 1076 3026 nuno
1095 2981 1176 3044 opus

163 3047 250 3114 facto
275 3051 337 3133 est,
366 3049 394 3113 si
422 3048 595 3114 adveniens
619 3048 790 3133 Philippus
815 3071 887 3113 curn
915 3049 981 3114 isto
1009 3070 1057 3112 me
1080 3069 1177 3113 onere

256 3243 321 3295 lut
339 3241 445 3310 scripsi.
469 3243 543 3296 011.
576 3241 613 3295 Et
630 3241 675 3294 his
693 3248 721 3296 Τ.
765 3240 895 3294 adisicir
913 3241 1019 3309 scripsi.
1048 3238 1131 3292 discit
1148 3244 1176 3291 ’.0.

167 3313 182 3362 ὅ
201 3308 367 3366 intendebat
385 3312 473 3380 Epit,
491 3329 541 3366 om.
562 3317 589 3366 ’.0.
669 3317 701 3366 10
721 3310 845 3366 dominio
863 3318 890 3364 Τ.
973 3315 1004 3363 11
1025 3309 1130 3363 laetare
1149 3315 1177 3363 1.

166 3378 326 3436 laetabere?
377 3388 410 3435 13
430 3382 468 3454 ls]
489 3383 540 3437 His
559 3389 586 3436 Τ.
635 3389 669 3438 20
688 3381 870 3454 cessaverint]
888 3379 1027 3436 celaverio
1046 3380 1087 3436 nel
1105 3379 1179 3434 cala·

166 3450 243 3505 verio
258 3453 365 3506 videtur
379 3468 432 3508 0000
445 3456 476 3506 in
491 3459 518 3507 ’.0.
551 3458 585 3508 27
605 3454 678 3508 Inde
692 3469 710 3507 a
724 3454 810 3508 verbis
825 3452 865 3506 ‘in
880 3450 910 3504 id
925 3451 1000 3519 quod
1015 3451 1179 3520 cupiverant

166 3520 225 3574 etc’
247 3522 347 3590 incipit
363 3523 471 3589 folium,
490 3525 638 3594 quoderat
656 3526 721 3581 elin
739 3525 839 3579 codicia
856 3523 985 3578 Parisini
1003 3525 1087 3589 4880,
1105 3537 1180 3578 nnnc

166 3597 255 3646 enatet
273 3593 304 3646 in
322 3595 412 3648 codice
433 3594 500 3650 Par.
520 3599 600 3652 5873.
675 3600 709 3650 30
728 3594 798 3649 mihi
817 3595 872 3650 Mr.
901 3610 946 3648 me
965 3599 992 3648 ’.0.
1002 3593 1035 3648 Ρ.
