2648 3922
474 259 593 316 ORTUS
612 259 837 316 ALEXANDRI.
1115 258 1156 323 21

147 447 186 490 ex
209 423 356 490 aetatula
373 423 441 488 iam
458 421 583 487 recenti
606 422 647 487 ad
668 422 749 488 hacc
772 420 853 486 mihi
871 420 1049 487 studiosius
1067 441 1159 506 prae·

146 511 279 598 paravi?
322 511 413 576 Haeo
436 531 563 596 quoque
586 511 746 594 professio
769 509 957 594 Philippum
979 510 1071 575 iuvat
1093 509 1160 574 lau·

147 604 324 684 datumque
355 599 454 664 studii
481 599 584 664 filium
612 598 706 664 facile
734 599 886 681 dimittit,
915 621 988 664 cum
1018 599 1159 684 primum

146 690 211 756 sibi
230 689 343 755 deduci
363 688 404 753 ad
417 687 550 772 navigia
569 708 682 753 currus
701 692 735 752 et
754 709 846 753 arma
858 688 1018 753 iussisset.
1054 686 1160 771 IgItur

147 799 278 844 ascensa
296 777 373 842 navi
387 776 624 860 comitatusque
639 775 881 860 Hephaestione
895 776 1000 842 arnico
1018 775 1158 840 secunda
1172 795 1185 836 a

148 866 321 932 admodum
343 867 538 949 tempestate
561 863 651 928 Elim
674 864 859 950 adpellitur.

237 952 295 1020 ll.
329 953 400 1031 Quo
431 953 466 1018 in
494 952 567 1018 loco
598 974 671 1017 cum
701 974 856 1038 equorum
887 973 998 1017 curam
1027 950 1159 1016 famulis
1177 953 1204 1006 2·

146 1041 367 1107 mandavisset
397 1044 493 1125 atque
523 1041 593 1124 ipsa
620 1043 726 1107 visum
754 1042 825 1106 loca
852 1040 1159 1124 deambulatumque

145 1131 349 1215 procederet,
379 1130 493 1195 obviat
516 1128 601 1193 forte
626 1128 764 1195 Nicolao
791 1130 932 1213 cuidam,
962 1128 1159 1194 adolescenti

145 1220 259 1303 regulo
279 1239 318 1283 er
335 1217 528 1282 Acarnania.
565 1215 690 1284 Celsius
710 1217 837 1303 quidem
856 1218 915 1283 illo
934 1222 968 1282 et
986 1217 1158 1283 sublimius
1173 1230 1199 1271 1⁰

147 1329 180 1372 se
198 1307 333 1391 ferente,
355 1306 475 1390 quippe
500 1306 555 1389 qui
578 1307 701 1390 duplici
725 1329 825 1390 eoque
847 1306 1010 1390 perflabili
1028 1306 1160 1370 deorum

147 1395 343 1461 adminiculo
363 1395 536 1478 levaretur,
555 1394 722 1478 opulentia
741 1395 928 1460 scilicetvcl
946 1394 1160 1478 1111111111-

145 1484 245 1549 bebat
267 1487 379 1548 tamen
401 1482 558 1548 Nicolaus
581 1483 662 1568 ipse,
688 1483 773 1569 quod
796 1483 859 1548 sibi
883 1484 921 1548 de
946 1484 1012 1548 suis
1036 1482 1159 1547 viribus

146 1572 366 1656 polliceretur.
410 1569 635 1636 Nihilominus
664 1571 835 1636 salutando
858 1570 1044 1635 Alexandro
1068 1591 1159 1655 prae-

147 1661 233 1726 stitit
253 1675 287 1725 se
305 1661 457 1744 priorem,
476 1661 623 1725 nesciens
643 1662 741 1725 etiam
760 1663 838 1724 tunc
855 1659 921 1725 itus
941 1659 1028 1723 illius
1045 1671 1201 1723 causas15

148 1759 181 1813 et
206 1748 391 1814 certaminis
420 1747 574 1815 studium.
618 1747 694 1812 Fuit
721 1752 831 1814 tamen
858 1768 925 1812 non
953 1748 1021 1811 sine
1050 1750 1162 1812 contu-

147 1837 245 1902 melia
260 1835 430 1918 salutatio,
449 1856 527 1901 nam
542 1840 575 1901 et
588 1834 714 1920 ‘Have'
729 1837 845 1921 inquit,
864 1835 896 1902 ‘o
910 1834 1012 1920 puer',
1029 1855 1091 1900 nec
1105 1834 1161 1898 ills

146 1947 213 1992 non
228 1925 338 1990 sedulo
352 1924 520 1990 resalutat.
546 1925 635 1990 Trmc
650 1924 790 1991 seeundo
804 1925 958 1992 Nicolaus
974 1923 1030 1989 ‘Et
1043 1921 1161 2008 quem,'

146 2014 262 2098 inquit,
281 2013 452 2076 ‘arbitrare
471 2017 504 2078 te
523 2017 591 2078 tam
610 2014 804 2078 incuriosius
820 2012 1001 2078 salutasse?
1033 2012 1160 2097 Quippe

148 2122 208 2188 ego
227 2101 385 2166 Nicolaus
404 2100 460 2165 ille
480 2122 552 2166 sum
571 2123 628 2167 rex
646 2101 874 2167 Acarnanum'
910 2100 1094 2166 Alexander
1112 2121 1160 2164 re·
1175 2113 1201 2154 ²0

147 2189 224 2255 fert:
254 2189 374 2255 ‘Istam
397 2189 623 2274 adrogantiam
651 2213 718 2255 non
743 2191 857 2274 probo.
903 2189 988 2266 Quid
1015 2190 1102 2253 enim
1128 2191 1162 2252 te

148 2278 274 2343 iuvabit
308 2276 437 2360 imperii
467 2300 553 2342 vana
584 2279 718 2344 iactatio
751 2278 791 2344 de
826 2277 973 2342 secundis
1009 2277 1161 2342 crastinis

147 2364 380 2433 fluctuantem?
426 2364 502 2432 Non
530 2367 616 2431 enim
639 2367 742 2444 vides,
770 2369 808 2431 ut
836 2368 923 2431 stare
948 2366 1081 2430 fortuna
1103 2364 1162 2429 ho-

148 2454 272 2519 minum
294 2453 433 2537 nesciat,
462 2456 561 2538 utque
588 2456 622 2521 in
647 2455 699 2519 his
722 2454 873 2539 fragilior
895 2454 1067 2531 habeatur,
1095 2452 1162 2536 qui·

148 2564 285 2628 cumque
307 2542 366 2606 illa
385 2543 444 2607 dea
463 2542 616 2607 victitant
637 2540 851 2608 nixabundi‘l'
896 2541 948 2605 Ad
967 2542 1046 2606 haec
1065 2537 1160 2605 Nico·
1176 2552 1201 2594 2⁵

147 2631 233 2696 laus:
257 2630 358 2695 ‘Haeo
377 2628 528 2715 quidem,'
552 2632 666 2715 inquit,
689 2630 768 2695 ‘non
790 2631 973 2714 invenuste,
997 2629 1160 2694 enimvero

148 2720 246 2784 velim
276 2720 371 2797 scire,
400 2741 456 2784 cur
484 2719 585 2804 adsis3
612 2740 688 2784 nam
717 2723 750 2782 te
773 2718 919 2803 Philippi
941 2718 1046 2783 lilium
1072 2719 1161 2783 fama

149 2809 338 2890 praelocuta
362 2806 432 2873 cat'
477 2806 613 2872 Fatetur
637 2807 820 2872 Alexander
843 2811 877 2871 et
900 2829 971 2872 sese
995 2806 1036 2873 ad
1060 2810 1160 2872 certa·

239 2987 252 3034 1
279 2995 312 3033 ex
335 2980 428 3035 tatnla
449 2981 482 3035 P.
512 2998 546 3036 ex
568 2981 660 3035 tutela
682 2981 717 3037 A.
791 2981 952 3036 3studium
975 2979 1027 3035 filii
1051 2980 1086 3032 P.
1119 2977 1160 3032 di-

147 3049 237 3105 mittit
254 3049 355 3106 Ebora.
382 3051 523 3121 permittit
540 3052 615 3107 ΑΡ.
706 3057 856 3107 51111111
879 3053 953 3107 Mai.
982 3065 1101 3106 exsensa
1123 3049 1160 3102 A.

148 3122 258 3177 excelsa
275 3120 309 3176 P.
342 3120 507 3177 Helestione
525 3123 561 3176 A.
588 3122 707 3176 lestione
728 3122 762 3176 P.

133 3261 137 3269 ι
236 3190 286 3247 11.
305 3197 322 3246 8
340 3192 400 3262 ipse
418 3194 525 3317 cariffi.
554 3191 643 3262 ipsius
661 3193 697 3247 A.
705 3192 739 3246 P.
767 3192 845 3260 ipsus
864 3191 1002 3247 Mai.Mr.
1067 3194 1100 3244 10
1118 3205 1161 3244 re·

147 3262 214 3330 gulo
238 3262 373 3318 11111111.
402 3263 492 3333 regu'
517 3262 594 3317 A.P.
677 3268 709 3316 13
728 3260 817 3331 ipsius
839 3263 915 3330 quod
938 3263 968 3316 et
989 3261 1024 3315 da
1047 3259 1102 3314 eibi
1125 3259 1161 3316 ds

148 3332 205 3386 suis
224 3333 257 3387 P.
296 3338 329 3387 16
349 3334 476 3388 nesciens
495 3335 674 3402 scripsissem
694 3333 784 3388 Maio.
813 3331 923 3386 nescius
936 3331 1011 3386 ΑΡ.
1047 3331 1105 3386 itus
1124 3332 1160 3386 A

147 3401 189 3458 ius
208 3403 244 3457 P.
277 3420 376 3458 causas
395 3405 430 3460 A.
458 3421 540 3460 cause
559 3404 591 3457 P.
640 3409 673 3457 16
691 3404 788 3458 tamen
806 3419 856 3458 om.
876 3402 909 3457 P.
955 3407 989 3457 18
1007 3419 1064 3457 non
1085 3402 1116 3457 T.
1125 3401 1159 3456 P.

147 3489 197 3528 orn.
216 3475 251 3528 A.
299 3480 332 3528 19
351 3474 486 3530 arbitrere
505 3475 540 3530 A.
572 3477 631 3528 tarn
649 3474 685 3528 A.
693 3474 727 3529 P.
754 3473 811 3527 iam
829 3473 930 3529 Eberb.
956 3477 1052 3528 tamen
1071 3471 1160 3528 ourio-

148 3544 204 3599 sius
225 3545 255 3600 T.
370 3549 404 3600 21
423 3546 474 3601 illa
497 3546 550 3600 dea
573 3543 727 3599 Mui².Mr.
755 3544 805 3598 illa
829 3544 863 3600 de
887 3561 921 3598 ea
943 3544 976 3598 P.
1005 3543 1048 3598 illi
1071 3559 1106 3598 ea
1123 3543 1159 3598 A

146 3614 307 3671 nexabundi
325 3617 362 3670 A.
434 3622 469 3671 16
488 3615 638 3671 invenusta
658 3614 688 3670 Τ.
760 3615 974 3670 1811111111
1003 3631 1061 3670 sesa
1081 3615 1115 3667 A.
