2650 3920
161 212 224 277 132
576 211 687 266 LIBER
703 211 750 267 III.

159 395 228 440 esse
248 373 383 461 dignum
402 374 535 460 cognitu
555 378 588 439 et
607 375 743 440 scientia
761 374 1008 454 contendebant,
1027 374 1056 439 si
1074 375 1169 440 modo

157 463 277 528 mirum
300 463 425 528 homini
443 462 545 527 videri
563 468 677 548 posset
694 463 816 528 virecta
833 484 966 528 noscere
985 466 1018 528 et
1037 464 1171 529 arbusta

157 551 306 636 loquacia
329 551 370 616 ad
392 551 570 616 humanum
589 551 730 616 modum.
766 550 804 615 Id
826 552 968 635 primum
990 555 1028 616 ut
1049 552 1169 636 impos·

158 639 252 705 sibile
276 639 573 724 alienissimumque
596 644 714 705 natura
737 640 916 705 arbitratus
939 661 1043 724 neque
1069 640 1170 706 eredi-

132 729 269 793 sderam
290 731 323 792 et
345 729 530 795 renuebam.
573 725 636 793 Sed
658 729 909 813 persistentibus
933 728 1170 795 adserentibus-

158 838 233 902 que,
261 816 418 882 adsensus
445 837 514 882 sam
541 815 673 880 tandem
700 816 810 881 itineri
833 817 903 882 eius
926 819 1044 903 terrae,
1072 839 1169 901 quam

158 906 206 970 sol
226 906 333 971 oriens
348 905 504 970 visitaret.
536 903 586 969 Eo
605 925 683 990 ergo
702 926 775 970 cum
792 906 1001 991 venissemus,
1019 906 1118 970 ducor
1135 907 1170 970 in

158 993 319 1077 quendam
342 994 450 1059 locum
470 992 640 1057 arboribus
660 993 821 1058 consitum
845 993 897 1058 vel
921 993 1168 1060 amoenissimis.

158 1081 255 1147 Hunc
277 1082 327 1146 illi
345 1081 532 1167 paradisum
551 1081 743 1148 vocitavere.
778 1080 955 1147 Enimvero
979 1085 1169 1166 conseptum

119 1192 145 1230 ιο
159 1171 281 1235 viseres
304 1191 371 1235 non
390 1169 545 1234 materiae
563 1169 779 1248 circumiectu,
802 1191 914 1235 verum
933 1171 1084 1235 arborum
1107 1171 1169 1236 fre·

159 1259 292 1342 quentia
314 1257 630 1323 circumsistentium.
675 1256 818 1323 Deorum
847 1279 974 1323 sacrum
998 1256 1084 1324 Solis
1106 1258 1169 1323 Lu-

157 1367 281 1430 naeque
305 1367 375 1410 esse
399 1344 563 1429 dicebant3
589 1367 665 1411 nam
690 1349 723 1411 st
746 1346 840 1411 aedes
862 1347 1049 1432 templaque
1073 1368 1169 1431 opere

157 1434 299 1498 naturali
329 1433 419 1499 hisce
452 1433 513 1498 diis
547 1432 667 1499 ibidem
696 1435 889 1499 intrinsecus
919 1435 1056 1520 viseres,
1088 1436 1168 1500 duas

129 1595 132 1610 1
158 1544 234 1587 vero
259 1523 391 1589 arbores
416 1524 541 1588 eaelum
564 1521 665 1588 ferme
683 1523 877 1607 proceritate
900 1523 1104 1607 intervectas,
1127 1524 1168 1587 si-

119 1630 144 1671 15
158 1611 230 1676 mili
252 1612 333 1677 facie
353 1634 417 1698 qua
435 1632 617 1695 cupressus,
639 1611 829 1697 plerumque
853 1611 953 1677 etiam
972 1611 1170 1698 directiores,

158 1721 196 1764 ex
216 1721 255 1764 ea
274 1700 384 1784 stirpe,
409 1700 494 1785 quod
513 1719 615 1784 genus
639 1700 771 1765 arbores
790 1700 1020 1784 myrobalanus
1039 1701 1170 1765 habent.

158 1784 221 1852 Sed
244 1810 283 1852 ex
301 1789 389 1854 hisce
409 1788 532 1853 duabus
553 1788 732 1872 arboribus,
756 1787 931 1874 dequibus
951 1811 1050 1873 supra
1070 1789 1171 1854 locuti
1193 1801 1241 1854 39.

158 1896 279 1960 sumus,
303 1897 427 1940 marem
446 1877 593 1960 alteram,
616 1875 754 1940 alteram
773 1876 927 1942 feminam
950 1899 1021 1942 esse
1040 1882 1171 1943 eonten-
1315 1885 1316 1904 *

158 1963 247 2028 dunt
287 1963 333 2028 Elt
355 1963 455 2028 maris
479 1962 608 2048 quidem
633 1964 759 2030 arboris
782 1965 965 2050 praesidem
984 1963 1101 2049 Solem,
1124 1967 1171 2030 fs-

118 2050 267 2116 sominae
285 2072 361 2116 vero
380 2051 505 2116 Lunam
528 2072 599 2117 esse
618 2052 774 2118 altricem.
810 2053 935 2120 Harum
957 2054 1061 2119 omnis
1085 2054 1171 2119 circa

158 2139 283 2205 radices
311 2140 509 2206 convestitas
536 2141 658 2206 viseres
688 2141 790 2227 tergis
819 2163 857 2208 ac
884 2141 1024 2228 pellibus
1053 2142 1169 2227 sacris3

159 2229 215 2295 sed
239 2251 278 2294 ex
301 2229 367 2313 his,
391 2250 473 2313 quae
497 2250 536 2293 ex
557 2230 703 2294 maribus
726 2233 844 2312 essent,
867 2232 911 2297 ad
931 2251 1053 2295 marem
1077 2230 1171 2296 arbo-

158 2340 241 2401 rem,
268 2339 352 2402 quae
379 2339 455 2384 vero
485 2339 524 2383 ex
551 2317 728 2402 pecudibus
755 2318 917 2398 femineis,
946 2319 985 2384 ad
1013 2319 1170 2385 honorem

158 2406 299 2470 feminae
318 2407 410 2473 sitae.
451 2404 605 2483 Quamvis
624 2405 812 2472 hominibus
831 2407 939 2492 gentis
963 2408 1070 2474 eiusce
1093 2430 1170 2475 usus

119 2514 145 2554 25
160 2495 238 2559 ferri
256 2495 380 2560 aerisve
398 2495 451 2561 vel
471 2494 580 2560 stanni
600 2493 806 2560 omnifariam
828 2496 1044 2581 ignoraretur,
1066 2519 1171 2582 neque

160 2586 245 2648 esset
259 2584 441 2668 quicquam,
460 2583 545 2668 quod
560 2582 600 2647 ad
614 2583 753 2648 aedificii
770 2606 866 2649 usum
880 2605 921 2649 ex
935 2584 1006 2650 luto
1021 2585 1171 2670 fingeres.

157 2669 241 2735 llum
269 2671 369 2754 igitur
398 2672 455 2736 illa
479 2675 573 2757 terga
595 2672 646 2736 vel
673 2672 779 2756 spolia
808 2673 998 2756 bestiarum,
1029 2694 1067 2736 ex
1097 2673 1171 2757 quis

159 2757 270 2822 forent
291 2759 520 2844 animantibus,
545 2781 742 2845 quaererem,
767 2761 929 2845 comperio
948 2760 1079 2825 leonum
1101 2783 1171 2827 esse

161 2845 229 2910 sive
239 2847 415 2930 pardorum
429 2851 462 2912 et
475 2847 698 2913 huiuscemodi
713 2849 899 2934 bestiarum,
913 2852 945 2915 st
954 2869 1054 2934 usque
1068 2851 1171 2936 tergis

218 3015 220 3019 ’
249 3008 265 3058 3
286 3001 375 3058 Verba
392 3002 425 3057 ld
441 3001 564 3072 primum
574 3010 634 3058 -7
650 3001 824 3059 venissemus
840 3020 891 3061 om.
906 3005 940 3061 P.
993 3010 1009 3061 t
1028 3009 1058 3061 et
1075 3021 1172 3061 renue·

159 3074 226 3128 bam
237 3073 337 3129 Scblee.
356 3075 389 3128 ut
401 3072 569 3129 rintivebam
582 3075 720 3144 mersat
739 3079 767 3130 to
784 3075 918 3131 referenti
927 3077 963 3132 A.
1001 3082 1018 3130 6
1032 3095 1093 3132 sum
1107 3078 1172 3134 add.

161 3145 237 3200 Mai.
269 3142 365 3199 itineri
384 3145 458 3200 Mai.
477 3143 579 3200 itinere
597 3145 634 3200 A.
676 3149 692 3199 ⁷
730 3161 797 3200 ueor
816 3162 883 3217 ergo
903 3149 938 3202 P.
980 3149 1062 3203 8vel
1080 3163 1172 3203 amoe-

159 3209 207 3268 nis‘
230 3215 266 3269 A.
294 3215 340 3271 vel
359 3215 466 3271 amenis
482 3213 516 3268 P.
561 3215 678 3270 9illum
694 3215 728 3272 P.
756 3234 892 3272 vocavere
905 3217 938 3272 P.
967 3219 1040 3274 Iade
1058 3236 1077 3274 a
1093 3220 1174 3275 aerbo

163 3283 346 3341 ‘Enimvero’
371 3303 405 3342 as
478 3287 516 3342 ad
537 3286 619 3341 verba
644 3285 837 3357 ‘diligentiam
860 3287 988 3357 praesto’
1014 3306 1043 3358 p.
1059 3292 1174 3356 135,13

161 3356 262 3434 omittit
277 3357 311 3411 P.
352 3362 383 3411 11
424 3356 639 3413 eorum-Solis
657 3359 764 3427 scripsi.
793 3358 990 3414 eorum—soli
1004 3360 1039 3414 A.
1078 3365 1111 3414 15
1130 3359 1174 3415 di-

160 3425 303 3493 rectiones,
322 3443 356 3481 ex
375 3429 449 3483 Mai.
473 3427 654 3482 directiorum
673 3430 717 3482 est
734 3429 770 3484 A.
807 3434 841 3484 20
860 3429 988 3483 altricem
1001 3430 1073 3486 Μαί.
1093 3430 1174 3485 ultri-

160 3494 278 3626 diffudi
321 3501 355 3551 22
375 3497 411 3551 ad
430 3498 494 3553 add.
512 3497 569 3554 Mr.
616 3503 651 3554 29
670 3500 699 3552 st
716 3515 804 3568 usque
822 3500 858 3555 A.
887 3501 917 3554 et
934 3499 1011 3555 hisce
1031 3501 1172 3558 MatMr.
