2648 3922
170 203 193 264 4
602 200 711 256 LIBER
728 204 748 258 1.
775 286 777 290 ι

171 368 209 430 ut
239 385 370 448 queam,
399 385 440 428 ne
470 362 547 447 quid
575 363 621 428 de·
641 363 783 429 divortio
809 365 1046 432 formidaveris.
1093 365 1186 443 Quod

171 452 236 517 etsi
257 451 354 535 foret,
383 451 504 517 uindex
526 450 613 517 facto
636 473 703 517 non
726 451 874 518 deesset:
919 452 1110 538 ‘Quanam'
1140 455 1186 520 in·

170 540 242 625 quit
264 539 449 626 Olympias,
472 537 523 604 ‘id
545 539 744 606 facultate?'
790 539 903 618 ‘Quod
931 542 1046 628 enim,'
1070 542 1186 608 Nectu-

170 629 277 694 nabus
304 627 417 712 refert,
446 627 561 692 ‘fatale
589 628 651 693 tibi
678 633 729 693 est
756 629 931 695 seeundum
959 631 1058 712 hanc,
1088 653 1186 715 quam

145 716 274 798 tuideo,
290 718 473 803 genituram
492 716 621 781 misceri
635 716 696 781 deo
717 738 798 802 eque
816 718 881 784 isto
897 718 1066 803 gravidum
1081 719 1186 784 filium

169 805 407 871 nutricaturam
426 806 566 870 ultorem
584 805 739 889 omnium,
757 806 785 870 si
809 827 891 890 quae
909 808 944 871 in
963 811 996 872 te
1013 805 1186 892 Philippus

171 891 324 958 audebit?
356 893 440 958 Tum
458 892 529 957 ille:
548 889 606 957 ‘lot
624 893 772 978 cuinam,'
791 895 909 980 inquit,
927 894 998 960 ‘deo
1019 896 1059 960 ud
1077 899 1185 960 torum

170 980 324 1047 debeor?
365 980 560 1065 Respondit:
584 980 752 1046 ‘Ammoni
775 981 905 1066 Libyco.
947 983 980 1048 Is
1003 988 1112 1049 autem
1136 988 1186 1049 est

170 1068 307 1137 fluvius?
344 1069 394 1134 Dc
413 1072 528 1154 aetate,
552 1091 615 1153 qua
632 1070 758 1154 visitur,
781 1073 908 1153 quaerit.
943 1070 1098 1137 Iuvenem
1116 1093 1185 1136 erse

131 1177 157 1217 re
171 1158 344 1223 renuntiat
374 1158 422 1222 De
436 1158 518 1222 fecie
534 1158 718 1224 sciscitatur
731 1163 765 1223 et
778 1159 876 1225 cultu.
905 1157 1029 1225 Ocnum
1045 1162 1186 1226 caesarie

171 1246 250 1312 dicit
264 1249 298 1310 et
312 1267 366 1311 ore
381 1245 613 1331 praelepidum,
626 1247 828 1329 temporibus
842 1250 952 1312 tamen
968 1251 1064 1332 etque
1077 1247 1185 1314 fronte

172 1335 283 1399 arietis
302 1334 452 1399 cornibus
472 1338 667 1419 asperatum.
711 1334 852 1420 ‘Quare,?
871 1337 985 1420 inquit,
1007 1337 1185 1420 ‘paraveris

170 1426 218 1507 te,
239 1422 330 1488 velut
353 1421 483 1488 feminis
506 1444 576 1488 mos
600 1427 650 1487 est
673 1426 706 1487 et
728 1425 862 1508 reginae
885 1424 1035 1490 decorum
1059 1428 1121 1508 est,
1144 1424 1185 1489 ud

171 1510 394 1576 huiuscemodi
417 1511 557 1594 nuptias.
591 1509 728 1576 Videbis
753 1514 838 1577 enim
863 1516 896 1578 et
919 1513 1080 1577 somnium
1099 1516 1133 1576 et
1150 1513 1185 1577 in

131 1616 156 1656 1⁶
172 1600 298 1665 somnio
321 1598 452 1683 nuptias
475 1599 538 1663 tibi
560 1599 686 1665 futuras
713 1621 784 1664 esse
806 1622 879 1664 cum
904 1599 984 1666 deo?
1030 1599 1082 1665 Ad
1105 1601 1185 1666 haec

169 1688 241 1752 illa:
265 1685 372 1773 ‘Ego'
394 1688 510 1772 inquit,
533 1687 706 1752 ‘somnium
724 1689 753 1751 si
772 1689 950 1772 somniabo‚
973 1710 1040 1754 non
1063 1689 1129 1754 iam
1152 1693 1184 1754 te

171 1780 208 1840 ut
230 1796 328 1860 mago
352 1779 439 1858 utar,
463 1776 626 1839 enimvero
651 1774 703 1837 dei
725 1774 848 1838 honore
872 1776 1071 1843 venerabor?

260 1861 295 1928 4.
324 1863 520 1946 Progressus
539 1862 612 1926 inde
627 1860 836 1927 Nectenebus
855 1884 959 1948 neque
978 1869 1133 1949 oppertus
1152 1866 1185 1930 in
1205 1877 1237 1931 V.

171 1956 288 2033 tempus
302 1951 437 2034 longum
451 1950 569 2014 herbas
586 1971 624 2014 ex
640 1950 775 2014 scientia
790 1951 915 2034 quaerit
929 1952 970 2016 ed
984 1953 1184 2017 somniorum

131 2058 157 2096 su
172 2039 308 2122 imperia
331 2039 540 2103 necessarias.
584 2037 709 2115 Quibus
738 2039 859 2122 carptis
887 2044 984 2124 atque
1011 2040 1047 2104 in
1070 2062 1183 2105 sucum

171 2127 291 2211 pressis
324 2125 449 2211 effigiat
480 2147 520 2190 ex
552 2147 625 2191 cere
656 2127 884 2208 corpusculum
917 2128 1057 2194 feminae
1092 2130 1184 2213 eique

170 2236 291 2280 nomen
312 2215 445 2299 reginae
468 2236 540 2280 cum
565 2214 805 2298 adsumpsisset,
832 2216 986 2280 lectulum
1007 2217 1113 2281 eidem
1136 2218 1183 2282 fe-

171 2303 326 2388 bricatur,
344 2303 397 2368 cui
419 2303 478 2368 ille
492 2303 616 2387 effigies
631 2304 862 2386 supraponitur
876 2305 1030 2388 iuxtaque
1045 2306 1184 2371 lucernis

171 2391 312 2458 incensis
340 2413 454 2457 sucum
481 2391 654 2456 herbarum
681 2392 864 2476 potentium
888 2393 1092 2476 superfundit
1118 2416 1185 2460 cer-

131 2497 157 2539 er
171 2503 310 2566 menque
329 2481 410 2545 dicit
428 2479 541 2545 efficax
565 2485 597 2544 et
618 2484 789 2564 secretum,
812 2502 875 2564 quo
895 2482 1044 2546 effectum
1066 2486 1125 2567 est,
1148 2486 1185 2548 ut

172 2569 328 2655 quidquid
355 2569 410 2634 ille
439 2569 636 2634 simulamini
664 2590 756 2634 cereo
783 2569 996 2653 loquebatur,
1025 2570 1059 2634 id
1090 2592 1184 2636 omne

171 2658 243 2722 fieri
266 2657 328 2723 sibi
347 2657 463 2741 regina
487 2658 531 2722 sit
549 2658 683 2740 opinate
701 2679 758 2741 per
777 2659 948 2723 somnium.
981 2657 1080 2723 Videt
1098 2658 1184 2722 enim

172 2766 207 2810 se
231 2747 267 2809 iu
291 2747 513 2829 complexibus
538 2745 599 2828 dei,
625 2767 705 2830 quos
731 2743 801 2809 fore
825 2768 898 2810 cum
920 2746 1080 2810 Ammone
1101 2746 1185 2810 dixe

171 2837 232 2916 ret,
255 2837 393 2916 postque
414 2834 600 2917 complexus
624 2834 718 2897 deum
743 2833 807 2897 sibi
826 2834 1011 2917 loquentem
1030 2834 1185 2912 audierat,

132 2939 159 2978 uo
172 2920 295 2986 factam
314 2943 348 2986 se
368 2924 401 2985 et
414 2925 506 2985 utero
522 2942 654 3006 gravem
673 2925 706 2986 et
724 2921 883 2986 editurum
898 2922 1058 2987 uindicem
1072 2923 1184 2988 filium.

173 3007 287 3095 Surgit
310 3030 387 3094 ergo
413 3010 451 3074 de
470 3009 589 3075 lectulo
610 3013 642 3075 et
661 3010 821 3074 admirata
840 3010 959 3075 somnii
977 3011 1182 3076 maiestatem
1202 3025 1249 3080 VI.

261 3270 386 3344 2fucto]
400 3271 461 3326 fato
474 3277 502 3325 Τ.
540 3271 617 3326 9De
631 3270 737 3328 addidi.
757 3271 869 3338 quaerit
882 3272 988 3328 addidi.
1026 3277 1059 3325 11
1073 3272 1181 3342 tamen]

171 3341 280 3395 toment
296 3348 324 3396 Τ.
400 3347 433 3395 16
453 3341 477 3395 ei
496 3342 595 3397 addidi
612 3359 646 3397 ere
664 3342 804 3411 Epiruma.
878 3347 910 3397 17
930 3343 1065 3397 bonorem
1083 3348 1110 3396 Τ.

260 3410 289 3466 4.
324 3417 356 3466 19
381 3415 494 3482 tempus
518 3413 626 3469 addidi.
663 3415 782 3483 potuque
807 3412 891 3479 ferme
920 3413 1024 3467 idemus
1048 3429 1105 3467 nou
1130 3414 1184 3480 lupi
1305 3479 1306 3486 ἵ

171 3482 203 3535 ie
220 3487 247 3534 Τ.
309 3485 343 3534 28
362 3482 393 3536 in
410 3484 534 3553 supplevi
552 3499 586 3538 eu
603 3483 692 3554 Epit,
711 3499 761 3539 om.
781 3488 807 3536 Τ.
870 3487 904 3537 29
924 3483 1085 3552 complexus
1103 3482 1182 3554 Epir.

171 3549 361 3620 complexibus
379 3559 407 3606 Τ.
481 3559 513 3607 31
534 3556 625 3609 somni
643 3553 823 3623 magistatem
841 3559 869 3607 τ.
