2654 3926
145 237 189 302 54
578 236 686 291 LIBER
704 235 725 290 1.

145 399 392 465 transvehentes
416 399 561 483 peditum
586 421 716 464 suorum
742 399 849 465 iacula
871 399 1028 485 torqueri:
1058 421 1159 484 eoque

144 487 322 573 perfectum
351 491 414 571 est,
442 491 479 552 ut
506 489 597 553 brevi
621 489 726 552 omnis
753 489 807 552 ille
832 509 982 553 curruum
1005 509 1159 552 numerus

144 581 310 642 teneretur
337 599 403 642 una
431 577 521 661 equis
550 579 584 640 et
607 577 831 660 aurigantibus
854 577 937 641 fixis.
983 575 1089 661 Igitur
1113 599 1159 641 se-

144 667 221 732 date
236 665 418 750 formidine,
437 687 533 750 quam
548 665 666 730 Persae
685 665 724 730 de
743 666 889 731 curribus
908 667 1160 749 intentaverant,

112 758 320 838 saequatum
351 775 447 819 omne
477 754 637 838 proelium
667 753 846 820 videbatur.
901 754 1031 838 Agebat
1061 776 1158 839 porro

144 843 329 909 Alexander
346 845 381 908 in
400 843 514 908 dextro
534 865 643 928 cornu,
668 842 753 928 quod
772 843 865 908 laevo
885 843 1011 911 seilicet
1028 843 1158 908 Persico

145 933 307 998 obviabat.
344 931 497 998 Inscenso
521 931 621 1016 igitur
645 953 726 1014 equo
751 932 881 1018 signum
907 931 1069 1016 increpari
1093 932 1159 996 bel-

143 1022 241 1087 licum
273 1021 421 1105 mandat,
458 1042 587 1106 unaque
620 1020 806 1085 coeuntium
839 1021 961 1085 clamor
992 1021 1160 1085 adtollitur

144 1110 278 1195 ancipiti
302 1110 381 1174 satis
404 1109 528 1193 proelio
553 1131 590 1173 ac
618 1109 779 1174 diuturno.
830 1107 910 1174 Cum
933 1110 1058 1175 interea
1084 1109 1160 1174 sini-

104 1219 130 1258 ro
145 1202 250 1264 strum
274 1220 373 1264 cornu
393 1197 603 1262 Macedonum
629 1221 648 1262 a
671 1197 781 1282 Dario,
807 1197 862 1282 qui
885 1199 919 1261 in
942 1199 1062 1263 dextris
1088 1221 1159 1263 suo-

143 1310 216 1352 rum
236 1286 365 1372 agebat,
389 1287 421 1350 vi
441 1286 563 1352 maiore
582 1286 662 1372 pelli
681 1286 887 1371 conspicatur
910 1287 1159 1371 inplicatosque

139 1376 274 1440 ordines
304 1375 474 1441 universos
506 1397 575 1440 non
607 1379 676 1440 tam
707 1375 930 1442 discriminum
963 1376 1158 1440 necessitate

145 1486 242 1548 quam
267 1464 497 1550 multitudinis,
519 1465 703 1530 inconsulto
728 1464 910 1550 subpetiari
932 1463 1157 1528 laborantibus

143 1557 384 1639 properaverat.
426 1553 524 1619 Exim
542 1555 616 1639 pari
639 1555 802 1639 utrimque
826 1555 944 1619 oborta
967 1552 1062 1617 caede
1087 1573 1159 1616 oum
1179 1560 1222 1612 53.

103 1661 129 1702 15
145 1664 219 1726 spes
235 1643 339 1708 exitus
353 1642 538 1727 fluctuaret,
556 1641 727 1726 repentino
743 1642 828 1707 forte
846 1643 945 1724 imbri
957 1642 1159 1727 procedente,

143 1734 195 1795 vel
223 1732 388 1797 adversari
417 1731 481 1795 sibi
506 1732 637 1794 caelites
666 1731 697 1793 id
726 1729 843 1795 Persae
871 1731 1080 1815 interpretati
1109 1731 1161 1796 vel

144 1819 183 1884 ad
213 1819 364 1882 elementi
398 1818 466 1882 eius
500 1818 652 1881 iniuriam
685 1817 850 1882 molliores
883 1819 963 1903 fuga
995 1821 1161 1885 facessunt

143 1927 272 1988 unaque
291 1907 342 1969 his
361 1904 524 1988 Amyntas
544 1904 691 1985 Maced0,
709 1904 865 1968 Antiochi
883 1906 980 1989 filius,
1005 1909 1061 1990 qui
1081 1909 1160 1972 olim

143 1992 315 2078 transfuga
330 1993 421 2057 Darii
441 1992 617 2056 amicitiam
637 1995 856 2077 cooptaverat.
890 1992 1016 2076 Quippe
1035 1994 1160 2078 fugien-

103 2104 130 2142 eo
144 2082 231 2147 tibus
252 2086 284 2146 et
302 2085 432 2165 tempus
450 2081 550 2146 horae
568 2080 806 2165 blandiebatur,
825 2081 910 2164 quod
929 2103 1159 2166 vesperascens

143 2170 333 2236 foeditatem
351 2169 549 2254 fugientium
569 2169 692 2253 pariter
712 2173 745 2234 et
762 2170 942 2254 perieulum
956 2172 1160 2254 pertexisset.

142 2259 262 2325 Darius'
285 2263 396 2324 tamen
417 2260 603 2342 [difficilius]
624 2262 715 2324 ratus
735 2259 921 2325 delicatiore
946 2259 1005 2324 illa
1024 2260 1104 2345 fuga
1128 2265 1160 2325 et

143 2348 292 2415 vehiculo
311 2349 415 2434 regali
433 2348 612 2432 periculum
632 2348 763 2432 evitare,
789 2349 938 2434 quodque
962 2371 980 2414 e
1004 2353 1160 2436 suggestu

143 2439 253 2524 regiae
285 2439 386 2503 turris
418 2437 602 2523 promptius
633 2437 863 2521 conspicabilis
897 2439 997 2521 foret,
1031 2461 1160 2505 currum

31 2605 34 2614 Ἰ
104 2547 131 2588 as
147 2527 276 2612 quidem
303 2527 337 2591 in
365 2528 437 2592 loca
466 2526 623 2610 quaedam
648 2526 831 2592 abdendum
860 2528 995 2593 mandat
1018 2532 1051 2592 et
1074 2551 1160 2594 aver-

143 2617 292 2702 tendum,
333 2617 404 2699 ipse
446 2620 555 2681 autem
598 2637 680 2700 equo
717 2637 893 2682 conscenso
930 2616 1159 2700 properantiae

144 2705 293 2768 consulit.

234 2937 247 2984 1
263 2929 390 3000 peditum
398 2929 434 2985 A.
442 2930 476 2985 P.
495 2930 619 2985 militum
629 2937 657 2984 ’.1.
694 2936 711 2984 4
726 2928 913 2984 forminineP.
952 2927 1159 2985 tInscensoA.

143 3003 257 3057 incenso
273 3001 306 3058 P.
336 3008 506 3056 conscenso?
555 3007 587 3055 11
607 2990 678 3070 pelli
696 3000 752 3057 Mr.
782 2999 850 3055 belli
869 2999 944 3056 ΑΡ.
982 3000 1160 3069 conspicatur

144 3089 213 3129 corr.
233 3090 266 3129 ea
285 3073 464 3142 conspicatus
482 3073 518 3126 A.
574 3079 607 3126 14
626 3072 738 3140 utrique
757 3071 790 3129 P.
842 3076 874 3125 15
894 3071 1062 3139 procedente
1082 3073 1159 3126 codd.

144 3143 307 3214 procidente
319 3143 398 3200 Viae.
413 3143 484 3198 Bell.
499 3149 524 3198 et
537 3142 594 3198 Mr.
634 3151 666 3198 16
685 3142 801 3198 coelites
813 3143 936 3212 Maetlp.
957 3141 1073 3196 caelitus
1084 3143 1158 3198 A.P.

147 3221 179 3268 1⁷
198 3216 296 3285 lugam
306 3216 339 3271 P.
359 3215 455 3285 fugam
466 3215 616 3283 capessunt
624 3214 703 3284 Epir.
715 3215 749 3281 cf.
760 3213 844 3280 Irae.
879 3219 911 3268 19
931 3215 1113 3283 coaptaverat
1124 3217 1160 3269 A.

145 3287 310 3410 clelptapprot
328 3287 364 3411 ᾗ)
384 3286 624 3411 ῂοαρῢανὲῗιὺὴυεῑ
643 3285 961 3410 ⁰⁰{Piiver2l1meih2
979 3286 1162 3409 copptaverat

183 3374 219 3410 or.
260 3375 284 3414 r.
405 3373 470 3412 orae
538 3373 566 3411 er
586 3398 591 3410 .
611 3373 659 3410 ore
707 3399 713 3411 .
747 3397 753 3408 .
875 3373 1008 3410 erexisse
1041 3373 1109 3412 corr.
1129 3374 1162 3412 ex

144 3426 358 3494 protexissetA.
377 3427 583 3497 protexissetP.
621 3433 654 3480 22
670 3425 813 3481 difficilius
823 3374 930 3482 adldidi.
950 3426 1161 3497 deligatioreA.

145 3495 312 3552 delicatione
340 3497 373 3552 P.
464 3504 499 3552 23
517 3497 649 3553 vehicula
672 3500 707 3551 A.
745 3497 939 3552 delicatiorem
962 3497 1043 3552 illam
1065 3497 1162 3568 fugam

144 3564 255 3620 seilicet
272 3567 402 3622 vehiculo
421 3568 524 3623 Eterlr.
561 3567 717 3638 periculum
735 3570 842 3638 proten*
866 3569 914 3623 sed
933 3569 1040 3624 evitare
1060 3567 1095 3624 P.
