2650 3920
369 199 372 206 ’
463 221 593 278 carrus
613 219 835 275 sarnanum
1093 216 1155 280 167

147 387 345 469 facultatem,
371 373 488 469 quihus
508 383 645 468 singulis
663 383 729 445 tria
748 382 838 445 milia
857 381 1082 448 drachmarum
1102 379 1157 444 ad-

148 474 309 539 numerari
333 474 512 538 conveniet.
549 472 657 555 Argos
677 473 786 534 autem
805 469 893 533 mitti
916 489 1016 551 arma,
1040 467 1156 553 quibus

147 562 216 645 ipse
234 584 311 627 usus
331 583 412 644 sum,
435 565 467 625 et
486 560 556 624 auri
576 559 698 643 signati
722 557 893 622 drachmas
920 556 1158 641 quinquaginta

148 670 246 732 eaque
270 649 403 714 Herculi
427 647 608 714 consecrari
632 649 715 712 volo.
752 644 897 729 Delphos
921 665 1047 728 quoque
1070 645 1158 708 mitti

147 741 302 822 praecepi,
325 737 432 802 eboris
456 737 540 822 quod
563 736 597 799 in
622 736 697 799 aula
720 755 792 799 mea
814 733 891 814 fuit,
914 732 1182 815 draconumques

148 830 241 909 terga
270 830 301 890 et
331 830 461 909 pateras
493 845 606 889 aureas
636 823 808 906 tredecim,
839 821 1004 905 primitias
1033 819 1157 884 sedicet

148 935 281 997 operum
304 919 497 979 nostrorum.
543 911 680 975 Milesiis
704 912 803 975 etiam
828 909 867 974 ad
890 908 1156 973 reformationem

6 1029 11 1074 2
114 1021 117 1026 “
147 1002 257 1084 oppidi
277 1003 324 1066 sui
340 1002 409 1066 dari
427 1000 593 1086 praecipio
613 999 685 1072 auri
699 999 821 1084 signati
836 997 1007 1062 drachmas
1025 1000 1157 1062 centum

147 1093 180 1152 et
209 1090 443 1175 quinquaginta
470 1087 736 1170 tantumdemque
763 1087 833 1152 auri
859 1086 1025 1150 materiae.
1071 1084 1156 1151 Volo
1177 1095 1222 1146 96.

146 1180 255 1241 autem
278 1177 476 1261 Perdiccam,
504 1198 600 1262 quem
624 1176 775 1259 Aegypto
803 1175 1035 1258 imperatorem
1059 1176 1197 1257 atquem

146 1265 359 1330 Alexandriae
387 1286 457 1330 esse
487 1265 581 1347 iussi,
609 1265 655 1328 sic
684 1266 730 1327 uti
756 1263 893 1347 imperio
919 1262 1089 1344 mandato,
1116 1283 1156 1325 ne

146 1374 265 1417 nomen
294 1375 401 1418 meum
431 1375 471 1416 ex
500 1353 619 1437 oppido
650 1349 881 1434 transferatur,
914 1371 996 1434 quae
1026 1348 1157 1434 quidem

146 1442 245 1505 etiam
275 1442 409 1506 maximi
439 1440 572 1504 deorum
603 1437 735 1523 Sarapis
768 1443 818 1502 est
847 1439 1016 1502 sententia.
1069 1437 1158 1502 Fieri

145 1552 242 1613 porro
271 1552 412 1595 annuum
441 1527 553 1614 oppidi
582 1527 794 1603 sacerdotem,
823 1526 877 1608 qui
905 1526 1054 1590 sacerdos
1082 1525 1157 1590 Ale-

145 1617 260 1682 xandri
281 1619 476 1695 nominetur,
499 1618 591 1699 eique
615 1614 757 1697 insignia
780 1613 850 1677 dari
873 1613 981 1697 placet
1002 1635 1156 1702 coronam
1171 1635 1197 1678 15

146 1726 277 1769 auream
301 1710 335 1769 et
351 1725 547 1788 purpureum
571 1704 734 1766 amictum.
771 1701 804 1764 Is
827 1702 884 1765 ubi
906 1701 1035 1765 functus
1059 1701 1158 1766 fucrit

146 1793 339 1876 sacerdotio,
368 1793 456 1857 omni
484 1792 610 1875 reliquo
637 1811 770 1855 munere
793 1790 845 1854 vel
868 1789 1089 1874 inquietudine
1114 1791 1157 1854 sit

146 1883 280 1946 solutus.
326 1881 387 1945 Sed
415 1882 549 1966 quisque
576 1879 609 1943 id
638 1877 853 1944 sacerdotium
876 1878 1086 1962 nanciscitur,
1114 1879 1157 1942 sit

145 1973 178 2033 et
211 1990 327 2054 genere
361 1969 480 2034 nobilis
514 1973 547 2033 et
581 1967 836 2050 existimatione,
874 1966 921 2030 uti
955 1965 1018 2030 sihi
1052 1967 1156 2050 digni·
1171 1990 1195 2028 19

144 2061 195 2121 tas
224 2080 289 2121 una
320 2076 393 2123 cum
419 2057 559 2140 posteris
590 2060 622 2120 et
651 2057 717 2120 ista
745 2054 905 2138 proficiat.
954 2054 1083 2119 Indicae
1110 2077 1158 2120 re·
1177 2065 1221 2118 97.

144 2146 251 2229 gionis
271 2147 401 2229 eiusque
418 2148 552 2229 tractus,
571 2145 627 2228 qui
642 2144 682 2207 ad
697 2142 878 2226 Hydaspim
892 2142 1025 2206 fluvium
1041 2143 1157 2227 pergit,

146 2232 309 2297 Taxiaden
334 2234 452 2297 mando
482 2254 552 2296 esse
575 2231 783 2315 praefectum.
829 2230 1055 2295 Adiacentium
1080 2252 1156 2295 vero

145 2321 316 2403 regionum
334 2321 566 2404 Apoctronum,
585 2319 736 2383 Roxanes
755 2321 915 2402 patruum,
933 2318 1042 2382 uxoris
1057 2340 1156 2403 meae,

144 2412 303 2472 rectorem
327 2408 482 2472 constitui
500 2408 615 2490 placet.
652 2405 826 2470 Racusiam
844 2427 920 2470 vero
939 2405 1105 2488 regionem
1125 2411 1157 2471 et

144 2495 355 2560 Bactrianam
374 2499 407 2560 et
428 2493 598 2558 Susianam
617 2494 770 2577 Philippo
793 2495 934 2577 remitto,
958 2492 1156 2576 Hyrcaniam
1170 2518 1197 2559 aa

146 2584 389 2668 Artaphernae,
416 2582 550 2647 Persida
574 2583 757 2646 Peucestae.
802 2582 936 2665 Illyriae
959 2604 1035 2645 vero
1063 2605 1156 2667 prae-

144 2673 218 2736 ficio
238 2671 372 2754 Olciam,
395 2673 446 2736 cui
471 2671 599 2755 quidem
622 2692 661 2735 ex
684 2670 765 2734 Asia
788 2670 858 2734 dari
882 2670 1048 2754 oportebit
1066 2671 1156 2756 quin-

145 2764 262 2845 gentos
282 2781 382 2844 equos
406 2765 438 2824 et
457 2761 527 2825 auri
546 2759 773 2823 drachmarum
792 2759 857 2824 tria
875 2758 974 2842 milia,
998 2781 1014 2822 e
1039 2761 1155 2842 quibus

144 2849 303 2932 templum
324 2849 509 2932 constituat,
528 2847 621 2931 eique
640 2847 763 2930 templo
782 2847 988 2912 simulacrum
1005 2847 1156 2914 Herculis

234 3073 409 3128 eureseim
426 3075 462 3128 A.
500 3073 707 3142 9tundemque
721 3073 754 3129 P.
792 3079 825 3127 10
845 3076 978 3143 egyptum
993 3075 1026 3129 P.
1065 3082 1096 3129 11
1117 3074 1157 3130 sio

145 3145 188 3199 uti
205 3143 240 3198 A.
270 3144 344 3199 sicut
361 3145 394 3199 P.
439 3150 470 3198 12
489 3145 660 3199 tranferatur
678 3145 713 3198 A.
758 3150 792 3198 14
811 3159 932 3198 annuum
953 3145 987 3200 P.
1015 3164 1102 3200 unum
1120 3147 1156 3200 A.

145 3221 179 3269 18
199 3215 254 3269 Sed
269 3217 293 3269 si
308 3214 426 3284 quisque
442 3216 476 3270 P.
504 3215 534 3268 id
548 3215 579 3270 Ρ.
608 3215 698 3268 itaA.
750 3220 782 3267 21
803 3216 852 3282 qui
866 3215 900 3270 ad
915 3216 1070 3285 Hydaspim
1085 3217 1156 3272 Mai.

145 3286 194 3354 qui
208 3287 244 3339 ad
257 3287 372 3355 ydapim
382 3286 415 3338 P.
435 3303 490 3354 quo
504 3285 691 3355 alydapimA.
729 3289 763 3338 22
782 3285 895 3338 taxiade
905 3286 937 3340 P.
956 3285 1112 3341 Traxiaden
1120 3287 1156 3340 A.

144 3356 339 3411 Adiacentiam
359 3357 392 3411 P.
455 3362 489 3410 23
508 3358 702 3425 Apoccronum
721 3357 756 3411 A.
782 3359 913 3423 patruum
932 3358 967 3409 A.
990 3357 1102 3426 petrum
1122 3357 1156 3410 P.

145 3428 343 3496 caragiorum
360 3427 393 3480 P.
431 3431 465 3479 25
485 3427 632 3480 Susianam
646 3427 720 3480 Keil.
750 3425 871 3479 Suisiam
884 3425 958 3481 ΑΡ.
987 3426 1158 3494 Hyrcaniam

145 3497 217 3551 Mai.
238 3496 414 3552 Circanniam
425 3497 563 3552 artafeme
571 3497 604 3552 P.
624 3495 996 3566 CyrcanniamariaferneA.
1034 3503 1068 3550 26
1086 3496 1157 3551 Pau-

146 3568 240 3621 cestae
259 3570 294 3623 A.
321 3569 417 3636 Illyrio
438 3569 472 3622 P.
525 3568 689 3622 27010iam
707 3567 781 3622 Keil.
811 3565 918 3621 oreiam
938 3567 968 3621 P.
999 3566 1102 3621 Orcion
1121 3568 1155 3621 A.
