2650 3920
174 215 217 278 82
598 215 707 270 LIBER
726 216 759 272 ll.

175 377 377 461 supplicetis,
407 399 474 442 non
504 377 652 462 improbo
681 377 733 441 vel
761 399 869 442 serum
897 379 1085 463 poenitendi
1116 401 1189 445 con·

175 468 292 560 silium.
338 463 400 530 Sed
427 467 513 530 anim
541 466 653 549 utiquc
676 487 735 531 vos
763 467 911 552 exempla
934 467 1096 532 ducebant
1118 490 1189 552 per·

173 555 249 620 inde
268 576 359 620 arma
377 558 489 620 nostra
507 557 545 619 ut
562 554 663 618 Xerxi
680 553 810 619 Persica
829 576 925 638 posse
944 556 1093 640 propelli.
1130 555 1189 622 Sat

174 645 274 730 igitur
303 643 359 726 sit,
387 642 474 727 quod
497 643 537 708 de
559 646 698 726 utroque
722 642 884 707 diversum
907 644 1058 710 fortunae
1082 666 1188 710 sense-

148 729 270 798 aritis?
314 731 360 796 Et
386 753 460 796 cum
486 729 538 794 his
567 731 663 795 dictis
691 731 849 797 facessere
871 733 1022 815 protinus
1050 734 1189 798 militem

175 842 270 887 suum
299 821 340 884 ab
367 820 605 906 expugnatione
630 819 719 884 urbis
746 818 1006 887 Lacedaemonos
1034 821 1124 886 iubet
1149 822 1188 886 li-

174 910 350 994 beramque
370 930 442 972 eam
465 910 498 972 et
518 908 557 971 ad
576 907 715 972 formam
734 908 890 991 pristinae
909 909 1092 974 maiestatis
1111 910 1188 975 oiri·

174 998 235 1064 bus
257 996 371 1062 haberi
394 996 564 1080 permittit.

265 1084 323 1152 al.
361 1084 452 1148 Tunc
479 1083 575 1148 rebus
603 1083 757 1150 Graeciae
785 1085 831 1150 sic
861 1086 1050 1168 compositis
1079 1087 1126 1152 ire
1153 1089 1188 1153 in
1206 1083 1267 1139 VH·

135 1195 161 1236 1o
174 1174 332 1240 barbaros
351 1173 457 1238 tendit
474 1173 589 1238 itinere
607 1195 665 1256 per
684 1171 831 1238 Ciliciam
851 1174 1009 1241 ordinato.
1047 1173 1094 1240 At
1110 1198 1186 1242 vero
1212 1159 1258 1212 28.

173 1263 294 1330 Darius
315 1261 482 1326 conductis
500 1260 536 1325 in
553 1283 655 1326 unum
669 1262 854 1346 satrapibus
872 1261 1031 1329 universis
1051 1267 1084 1329 et
1103 1265 1188 1330 duci·

174 1353 235 1417 bus
263 1349 408 1414 bellandi
436 1350 571 1415 consilia
594 1350 772 1434 quaerebat
799 1351 988 1437 frequenter
1015 1353 1188 1418 admodum

174 1440 329 1521 recolens,
351 1441 389 1503 ut
411 1459 445 1503 se
465 1438 574 1522 opinio
594 1460 691 1524 super
710 1439 896 1506 Alexandro
914 1439 1073 1504 frustrata
1091 1439 1186 1505 foret.

175 1529 302 1614 Quippe
319 1527 411 1592 illurn
429 1528 637 1593 incrementis
656 1528 792 1594 bellicae
810 1529 859 1594 rei
878 1528 1030 1594 audiebat
1043 1528 1185 1612 quotidie

135 1637 161 1679 ra
176 1618 353 1702 sublimari,
376 1638 471 1700 quern
495 1639 591 1700 saepe
610 1617 828 1682 latrunculum
846 1617 1061 1700 nominasset,
1083 1638 1187 1701 neque

176 1728 245 1772 sese
275 1707 341 1771 iam
370 1705 494 1770 nescire
525 1726 641 1788 anceps
672 1705 734 1769 sibi
765 1709 798 1769 et
825 1706 950 1772 viribus
981 1705 1125 1772 hostiurn
1156 1710 1189 1770 et

174 1795 303 1876 imperii
334 1793 505 1856 maiestate
536 1793 607 1856 fieri
641 1797 814 1859 certarnen.
869 1793 995 1877 Quippe
1032 1796 1094 1860 etsi
1126 1795 1189 1859 sibi

176 1882 301 1947 auctior
329 1900 482 1944 numerus
510 1879 723 1944 militantium
749 1880 992 1965 obsequeretur,
1020 1883 1188 1948 audaciam

174 1974 284 2033 tamen
307 1965 595 2051 fortitudinemque
624 1987 658 2030 se
680 1966 859 2033 Alexandri
882 1969 1045 2035 demirari.
1091 1970 1188 2034 Deni-

135 2076 162 2118 ao
176 2078 237 2141 que
255 2056 413 2139 pudorem
431 2074 526 2119 suurn
543 2054 630 2119 haud
649 2054 745 2120 dubie
763 2055 938 2140 fatebatur,
962 2057 1048 2141 quod
1071 2059 1100 2122 ei
1118 2059 1187 2122 viro

175 2147 276 2229 pilam
298 2144 523 2227 habenamque
545 2143 701 2224 misisset,
730 2165 812 2229 quae
838 2145 938 2212 cuivis
962 2148 1067 2232 magis
1091 2168 1188 2231 quam

176 2235 225 2298 illi
248 2233 289 2298 ad
311 2233 472 2298 virtutum
495 2232 647 2297 meritum
669 2232 761 2298 iuxta
784 2237 900 2299 essent
941 2235 1031 2321 Ergo
1054 2234 1189 2301 iubebat

176 2343 288 2388 omnes
311 2322 346 2386 in
369 2342 539 2388 commune
562 2322 745 2405 consipere,
768 2322 845 2405 quid
868 2322 955 2389 facto
978 2325 1094 2390 melius
1118 2346 1189 2408 rep-

176 2411 346 2496 perissent.
396 2408 510 2493 Neque
540 2410 626 2475 enim
657 2409 839 2476 cessatione
870 2415 927 2477 aut
956 2412 1078 2478 desidia
1107 2435 1188 2498 opus

52 2511 57 2520 '
136 2519 163 2562 aa
177 2522 262 2586 esse,
287 2500 323 2566 in
345 2499 443 2564 hosce
465 2501 636 2582 provectus
661 2497 839 2566 Alexandri
861 2500 1035 2566 virtutibus
1057 2524 1188 2585 procur-

177 2589 333 2671 rentibus,
357 2609 493 2673 cumque
515 2587 550 2651 in
569 2607 639 2652 sese
657 2588 817 2670 paulatim
836 2588 923 2654 vices
941 2590 1109 2673 utriusque
1131 2611 1188 2653 no·
1215 2605 1220 2614 ’
1276 2639 1280 2650 .

124 2673 125 2680 '
177 2678 274 2742 minis
304 2676 522 2760 demutarent,
552 2697 632 2760 quas
664 2678 710 2740 sic
739 2677 775 2740 in
805 2678 1002 2742 eontrarium
1031 2677 1189 2741 resultare

177 2786 244 2829 non
267 2766 389 2848 absque
412 2763 522 2829 divina
544 2764 750 2848 providentia
773 2764 1006 2846 arbitrabatur,
1033 2769 1071 2828 ut
1094 2786 1189 2830 omne

177 2852 259 2918 illud
277 2852 469 2918 diadematis
483 2854 605 2918 Persici
619 2853 715 2918 decus
728 2853 829 2920 ferme
847 2853 913 2918 iam
931 2853 966 2918 in
980 2852 1190 2919 Macedonica
1297 2857 1301 2868 '

138 2963 279 3029 coregna
301 2941 482 3007 transisset.
527 2941 573 3006 m
595 2940 675 3006 haec
699 2941 828 3026 quidem
851 2940 970 3006 Darius
995 2942 1036 3006 ad
1060 2964 1144 3008 suoa

267 3151 431 3219 aexemplo
450 3150 552 3205 docent
570 3149 602 3204 P.
657 3150 769 3220 4quod
787 3156 815 3206 τ.
844 3150 913 3220 quid
931 3150 1007 3208 ΑΡ.
1068 3151 1189 3206 chaca-

179 3224 313 3279 domonos
331 3230 359 3278 r.
382 3220 600 3276 Lacedaemonis
618 3221 695 3275 ΑΡ.
723 3219 881 3290 liberatque
900 3230 927 3280 Τ.

267 3294 315 3350 21.
349 3299 381 3349 17
401 3294 432 3348 et
449 3291 503 3347 sibi
511 3293 547 3348 A.
605 3297 640 3347 20
659 3293 710 3346 aut
728 3291 867 3350 dubiaer.
887 3297 937 3349 aut
955 3293 1048 3348 dubus
1058 3292 1093 3348 A.
1113 3291 1190 3347 haud

178 3365 295 3420 dubium
316 3365 349 3418 P.
422 3369 456 3417 22
475 3362 623 3418 virtutium
642 3362 677 3418 A.
700 3362 802 3418 virium
821 3371 849 3420 τ.
881 3364 961 3420 iuxta
979 3366 1049 3419 M.
1057 3365 1090 3418 P.
1114 3363 1190 3418 iusta

178 3436 323 3490 Matcoat.
354 3434 506 3490 iuvabatr.
544 3438 577 3490 23
597 3434 741 3503 consipere
751 3441 778 3490 Τ.
798 3435 936 3504 conaipire
946 3437 982 3490 A.
1003 3435 1147 3503 concipere
1155 3433 1189 3488 P.
1224 3429 1231 3444 ”

178 3504 370 3560 raumara
388 3503 575 3560 faotuEberb.
613 3510 647 3559 25
666 3506 782 3560 essetA.
811 3505 906 3560 hosP.
943 3511 977 3560 26
997 3522 1060 3560 cum
1074 3505 1190 3572 quaeA.

179 3580 214 3629 28
233 3575 423 3629 arbitrabatur
438 3577 511 3632 Mat.
532 3574 740 3631 arbitrabantur
752 3577 786 3630 A.
796 3577 829 3630 P.
881 3582 914 3631 29
934 3573 1139 3632 dadiadematis
1154 3576 1190 3630 A.
