2648 3924
420 10 427 12 .
442 4 738 12 -.-..--—--—-..-.—-——---
747 6 924 12 ——--—-...-
934 7 990 12 .--.

462 237 832 294 oenusrnnmuoar.
1088 189 1176 304 157·

142 490 291 573 cucurrit,

140 403 198 482 vit,
221 399 362 483 Scythae
385 403 601 483 tremuerunt,
623 399 771 486 quodque
795 422 860 464 uno
885 401 941 465 ille
964 423 1059 466 versu
1082 424 1152 486 per·
1300 289 1304 488 i

212 610 321 677 Quique
341 626 444 664 novum
463 611 582 663 cernunt
600 607 775 678 Hyperiona,
795 608 1074 678 qniquecadentem.
1301 610 1306 708 y

140 717 253 802 Neque
286 718 372 782 enim
406 738 597 801 quemquam
627 738 695 780 non
725 722 782 781 aut
811 723 940 782 caesum
971 718 1152 784 audivimus

140 812 197 871 aut
221 804 478 889 supplicantem?
524 804 613 868 Haec
637 805 765 888 quidem
788 805 993 871 Aristoteles.
1166 827 1179 868 s
1307 873 1308 876 ,

230 892 287 959 49.
320 893 367 958 At
389 914 465 956 vero
489 893 673 958 Alexander
695 893 834 958 collecto
858 895 1001 984 enercitu
1024 895 1086 958 iter
1110 896 1150 961 ad
1169 905 1214 956 80.
1308 919 1309 976 3

139 982 359 1065 Babyloniam
379 982 579 1064 convertits
570 1004 604 1045 ru
623 1003 698 1064 qua
711 987 841 1066 suscepi
842 1005 879 1046 us
827 975 1151 1048 thonoratissime

140 1074 174 1135 et
188 1070 347 1153 sacrifiqia
360 1069 449 1134 diis
440 1073 574 1134 immori
560 1071 680 1133 talibus
694 1077 903 1152 repraesenta
869 1075 918 1134 tat
937 1076 969 1134 et
988 1075 1152 1136 certamen

139 1159 381 1244 gymnasticum
404 1159 615 1222 concelebrat.
593 1155 770 1242 tAtque
798 1160 903 1223 inde
895 1181 960 1223 ram
983 1159 1152 1242 pacificum

139 1248 203 1311 iter
236 1250 391 1331 coeptans
421 1246 509 1310 hisce
538 1247 576 1311 lit
577 1246 657 1310 teris
686 1247 725 1310 ad
754 1244 981 1331 Olympiadem
1015 1254 1151 1312 matrem
1167 1267 1192 1305 10

141 1357 233 1400 suam
258 1335 380 1399 scribit.
426 1333 547 1418 Super
568 1335 620 1398 his
644 1335 786 1418 quidem,
815 1357 895 1419 quas
922 1337 957 1400 iu
985 1336 1152 1420 principiis

140 1425 301 1509 egerimus
333 1422 373 1488 cd
403 1423 518 1486 Asiam
548 1443 649 1507 usque
680 1423 919 1505 expeditiones,
951 1425 1060 1488 omnia
1090 1425 1153 1489 tibi

139 1517 219 1577 nota
242 1516 332 1596 suut,
359 1514 462 1575 mater
485 1511 539 1576 mi.
584 1510 732 1593 Aequum
756 1515 868 1574 tamen
891 1511 953 1574 fuit
982 1515 1014 1575 et
1042 1512 1081 1576 dc
1104 1513 1151 1576 in·

142 1601 352 1684 sequentibus
384 1603 417 1663 tc
449 1599 554 1663 facere
587 1599 766 1663 certiorem.
818 1599 989 1664 Profectus
1023 1620 1099 1684 ergo
1132 1609 1215 1664 aar.

140 1687 308 1772 Babylone
331 1710 396 1751 una
419 1709 491 1751 cum
515 1687 576 1769 his,
599 1707 679 1770 quos
703 1687 807 1771 magis
832 1691 981 1752 strenuos
1004 1688 1039 1750 in
1062 1706 1190 1752 exer-15

143 1778 209 1841 citu
223 1776 393 1858 habebam,
413 1797 495 1859 quae
514 1775 644 1858 quidem
663 1775 800 1840 collecta
818 1779 895 1839 sunt
909 1779 1038 1839 centum
1052 1777 1153 1858 milia,

141 1866 176 1929 in
198 1867 354 1930 ulteriora
377 1865 545 1948 regionum
567 1865 713 1927 animum
736 1863 860 1927 intendi
883 1865 1079 1947 pervenique
1102 1887 1152 1928 us·

142 1975 202 2038 que
222 1953 262 2017 ad
280 1951 430 2017 Herculis
450 1952 550 2016 stelas
568 1974 634 2016 non
653 1952 760 2015 minus
780 1952 895 2017 itinere
914 1953 1038 2017 dierum
1052 1953 1152 2016 ferme

141 2043 323 2125 nonaginta
338 2041 487 2124 quinque,
506 2041 593 2104 fama
608 2040 646 2104 de
660 2039 802 2104 Hercule
822 2041 868 2104 sio
886 2042 1049 2124 loquente,
1067 2041 1152 2124 quod

141 2129 239 2194 hasce
262 2136 366 2193 metas
385 2129 657 2213 peregrinationis
682 2150 759 2193 suae
777 2129 885 2192 fixerit
908 2128 985 2195 deus
1009 2130 1075 2210 ille,
1097 2131 1152 2214 qui
1166 2150 1192 2190 ao

142 2223 174 2281 ct
198 2219 277 2282 duas
297 2218 404 2299 stelas,
427 2216 459 2280 id
480 2222 529 2280 est
546 2216 661 2280 titulos
681 2217 731 2280 sui
750 2217 906 2299 quosdam
925 2216 1045 2280 ibidem
1064 2217 1151 2281 dere-

141 2306 252 2390 liquit,
282 2327 419 2390 quorum
447 2326 531 2368 unus
562 2326 600 2367 ex
631 2325 725 2383 auro,
757 2305 842 2367 alter
871 2325 948 2368 vero
977 2307 1151 2387 argenteus

141 2395 332 2459 habebatur.
382 2392 444 2457 Sed
474 2392 561 2456 euim
592 2391 729 2455 altitudo
761 2413 871 2455 eorum
902 2395 951 2455 est
980 2392 1151 2455 titulorum

142 2483 260 2547 cubitis
289 2482 390 2546 ferme
421 2481 620 2565 quindecim,
651 2479 832 2544 crassitudo
862 2502 939 2544 vero
970 2480 1004 2543 in
1031 2480 1151 2544 cubitis

143 2571 277 2636 duobus.
330 2570 424 2634 Hanc
456 2570 574 2633 molem
610 2568 735 2631 metalli
767 2568 920 2652 quoniam
953 2589 1020 2632 non
1056 2567 1152 2633 facile
1166 2589 1193 2630 as

142 2664 213 2725 erat
235 2658 362 2724 credere
386 2658 490 2722 solido
518 2678 595 2721 auro
624 2677 708 2741 esse,
734 2657 913 2739 periculum
941 2657 1008 2720 eius
1035 2656 1084 2720 rei
1107 2657 1152 2720 fa-

143 2769 213 2813 cere
241 2769 308 2813 non
339 2747 442 2812 omisi.
493 2745 598 2820 Quare
626 2748 771 2809 moratus
801 2745 922 2809 ibidem
952 2745 1065 2809 diebus
1096 2745 1152 2810 ali-

143 2837 272 2920 quantis
306 2834 478 2899 reficiendo
512 2833 635 2898 scilicet
669 2832 766 2897 militi
797 2835 1061 2918 sacrificatusque
1092 2834 1150 2898 deo

146 2924 276 2989 Herculi
294 2923 426 2987 titulum
445 2923 538 2986 illurn
557 2943 699 3005 aureum,
719 2944 782 3005 qua
800 2923 900 3005 potui,
924 2924 1060 2986 rimatus
1081 2945 1151 2986 sum

231 3165 281 3220 49.
314 3166 554 3248 9gymnasticum
575 3166 648 3220 Mai
681 3164 875 3233 gymnasicum
894 3165 929 3218 A.
963 3165 1153 3234 gymnasium·

145 3237 465 3306 queP.101terA.
484 3236 558 3291 inter
579 3237 611 3290 P.
652 3236 745 3290 hieP.
794 3241 823 3289 11
846 3236 999 3303 superbae
1018 3235 1053 3289 A.
1083 3251 1152 3302 quas

144 3255 214 3363 irai.
242 3325 313 3376 quae
332 3309 367 3364 A.
375 3308 410 3362 P.
473 3314 505 3362 13
524 3307 593 3361 nota
611 3305 668 3360 sint
685 3305 721 3360 A.
785 3314 818 3359 14
837 3321 903 3375 ergo
922 3323 939 3359 a
957 3305 1101 3373 Babylone
1118 3307 1152 3360 P.

144 3377 247 3460 quippe
242 3326 297 3434 qcd
313 3379 525 3447 BabylonemA.
576 3382 608 3432 18
624 3377 793 3432 stelasMaa'.
813 3375 953 3431 stellasA.
960 3377 991 3430 P.
1011 3376 1152 3430 itinereP.

143 3450 245 3504 iterum
265 3450 300 3504 A.
345 3455 378 3504 19
397 3466 466 3518 quos
484 3450 535 3502 has
554 3451 692 3502 scematas
712 3447 742 3500 P.
788 3453 820 3502 21
840 3447 892 3501 reli
894 3448 955 3517 quit
972 3447 1005 3501 P.
1052 3453 1086 3502 23
1105 3448 1153 3502 ha·

145 3519 243 3576 beatur
263 3523 298 3574 A.
362 3525 396 3574 25
416 3519 531 3574 mollem
551 3519 584 3574 P.
653 3525 687 3574 26
707 3519 791 3573 solidi
809 3535 877 3573 auro
896 3518 930 3572 A.
956 3517 1040 3574 huius
1057 3519 1098 3573 rei
1119 3519 1151 3572 P.

144 3596 177 3644 28
195 3591 282 3646 militi
301 3591 359 3647 Mr.
386 3590 477 3646 milite
497 3591 531 3646 P.
559 3588 668 3645 militae
687 3590 723 3644 A.
