2646 3934
184 199 246 264 188
337 197 553 254 ALEXANDRI
571 196 649 252 CUM
668 196 828 252 DINDIMO
848 195 1036 256 (lOLLATIO.

180 383 247 427 non
279 361 416 428 alieuius
448 359 698 443 temperamenti
727 359 907 424 moderatio
935 358 1119 443 gubernans
1147 359 1198 424 fa-

181 453 268 514 ceret
294 450 443 514 tristibus
473 449 560 513 laeta
590 447 771 530 succedere,
800 447 961 531 siquidem
988 447 1087 512 variis
1116 449 1196 513 casi-

181 539 242 604 bus
265 535 416 604 voluntas
434 537 578 602 humana
601 540 634 601 et
656 536 842 601 mortalium
861 557 952 600 mens
976 537 1049 619 ipsa
1068 535 1199 602 diversa

182 627 226 692 sit
263 648 300 691 ac
331 648 392 709 pro
424 625 646 690 vicissitudine
681 628 865 708 temporum
902 624 1048 689 motibus
1086 645 1199 690 causa»

156 737 254 779 erum
278 735 408 800 semper
430 717 570 797 aptatur.
617 712 809 778 Animorum
837 713 915 796 quin
945 713 1045 777 etiam
1074 713 1199 796 species

183 825 256 870 cum
280 803 362 868 coeli
385 803 569 868 mutatione
592 803 762 876 vertuntur
790 805 823 865 et
848 800 970 884 liquido
994 801 1123 883 quidem
1147 802 1199 866 die

182 893 303 976 nitent,
331 894 444 958 coacta
467 912 543 956 vero
572 891 656 955 nube
684 889 851 954 fatiscunt.
896 888 1047 972 Ipsorum
1070 911 1199 974 quoque

183 1001 336 1045 sensuum
354 980 441 1044 ratio
460 1000 525 1045 non
544 979 651 1043 minus
671 977 835 1042 instabilis
854 977 1077 1061 videturesse,
1101 999 1199 1062 qnam

183 1069 370 1152 multiplex,
399 1071 432 1133 et
459 1089 525 1132 non
553 1067 659 1132 solum
686 1066 797 1150 rebus,
824 1065 883 1130 sed
911 1065 1009 1130 etiam
1038 1067 1199 1131 aetatibus

143 1179 170 1220 rc
185 1157 383 1221 immutatur.
437 1154 524 1220 Hinc
554 1158 619 1239 est,
650 1155 734 1238 quod
765 1154 974 1239 simplicitate
1005 1153 1124 1238 gaudet
1153 1156 1200 1218 in·

186 1244 297 1329 santia,
321 1246 505 1309 temeritate
523 1244 672 1309 iuventus
697 1243 845 1326 exsultat,
869 1242 1004 1307 canities
1028 1242 1199 1307 imbecilli·

185 1336 254 1397 tate
277 1333 434 1399 tardatur.
481 1331 560 1408 Quis
586 1333 675 1398 enim
704 1336 761 1396 aut
789 1331 957 1396 audaciam
981 1331 1200 1415 astutiamque

185 1422 323 1504 requirit
351 1421 385 1484 in
409 1443 508 1506 puero
537 1422 652 1486 autin
676 1420 879 1485 adolescente
903 1419 1120 1484 constantiam
1144 1423 1200 1485 aut

186 1510 405 1574 mobilitatem
427 1511 533 1593 poscit
555 1511 590 1574 in
610 1509 744 1574 vetulo?
780 1508 884 1573 Multa
907 1513 992 1590 sunt,
1016 1529 1098 1590 quae
1116 1507 1200 1573 visui

148 1621 174 1662 rs
188 1603 318 1678 nostro,
350 1598 415 1662 alia
444 1619 525 1682 quae
556 1597 696 1682 auditui,
725 1597 885 1661 nonnulla
916 1617 997 1680 quae
1026 1596 1119 1660 odori
1148 1597 1201 1662 vel

187 1687 290 1751 tactui
314 1688 365 1751 rel
389 1686 499 1771 sapori
521 1686 719 1769 voluptuosa
743 1687 946 1768 succurrunt,
970 1685 1087 1768 quibus
1111 1706 1199 1750 aeru-

187 1796 345 1859 mnarum,
369 1795 448 1858 quas
468 1795 508 1837 ex
526 1774 639 1838 labore
659 1773 890 1858 contrahimus,
912 1774 1090 1837 mulceatur
1110 1794 1200 1857 aspe-

187 1863 284 1946 ritas,
308 1868 341 1927 ct
363 1862 411 1925 ita
433 1861 529 1926 modo
554 1861 796 1945 saltationibus,
820 1861 915 1926 modo
940 1861 1089 1926 cantibus
1113 1861 1200 1926 oble-

188 1954 325 2033 ctamur,
342 1971 586 2033 nonnumquam
605 1949 703 2013 etiam
725 1950 884 2014 suavitate
904 1949 1011 2014 odoris
1030 1950 1083 2014 vel
1103 1953 1200 2033 gustu

146 2060 173 2101 ao
189 2037 366 2102 dulcedinis
400 2041 457 2102 aut
488 2041 657 2102 contaetus
690 2037 810 2102 blanda
841 2037 980 2102 mollitie
1011 2038 1200 2104 refovemur.
1308 2107 1314 2128 ,

188 2125 333 2202 Quorum
356 2127 502 2192 omnium
522 2127 616 2191 nobis
637 2129 818 2211 suggerunt
837 2126 999 2191 clementa
1022 2127 1202 2211 materiam,

187 2236 269 2300 qnae
302 2215 400 2280 etiam
432 2216 519 2280 vitae
553 2222 684 2281 nostrae
720 2215 895 2280 creduntur
929 2235 999 2279 esse
1033 2214 1200 2298 principia.

188 2303 333 2380 Quorum
368 2304 585 2387 permixtione
618 2304 783 2368 contraria
818 2303 951 2368 humani
988 2303 1117 2387 generis
1153 2303 1201 2367 ita

188 2394 352 2457 structura
386 2393 554 2475 conditur,
591 2395 628 2456 ut
664 2393 912 2476 unumquodque
950 2392 1016 2455 suis
1052 2392 1200 2474 partibus

147 2502 174 2544 as
189 2481 392 2546 satisfaciens
422 2483 482 2547 sub
507 2480 748 2566 dispensatione
771 2480 865 2546 nobis
894 2479 1019 2544 tribuat
1041 2479 1201 2544 familiare

189 2570 384 2654 subsidium,
420 2592 484 2654 quo
520 2570 622 2635 moles
658 2591 814 2653 corporea
848 2569 1011 2653 sapienter
1042 2566 1202 2632 fabricata

279 2783 293 2830 1
321 2777 491 2846 gubernaret
519 2780 548 2832 et
570 2777 606 2831 B.
688 2783 704 2831 5
733 2793 842 2846 semper
866 2792 916 2831 om.
939 2776 974 2830 R.
1011 2777 1142 2845 raptatur
1164 2776 1200 2830 B.

189 2848 270 2916 aptat
288 2846 473 2914 cogitationes
494 2848 528 2902 P.
560 2849 716 2902 animarum
735 2847 769 2902 L.
843 2845 1050 2904 6dieom.1t.
1127 2847 1201 2902 'lfa-

187 2919 301 2973 tescunt
320 2917 393 2972 L.P.
427 2934 537 3001 qupque
561 2918 703 2989 sensuum]
727 2933 794 2973 vcro
817 2935 931 2999 casuum
954 2918 990 2973 B.
1071 2917 1200 2999 erebus]

189 2988 582 3141 {laterculus
604 2988 1022 3128 tensurus...
1045 2988 1202 3141 11131

189 3147 259 3185 cram
280 3131 316 3185 B.
354 3132 501 3185 scientiam
523 3130 556 3185 P.
649 3135 682 3184 13
701 3130 827 3198 requirat
845 3130 880 3185 R.
919 3129 1118 3200 constantram]
1137 3146 1202 3183 con·

188 3199 337 3255 tinentiam
363 3201 397 3255 L.
489 3206 523 3255 14
545 3203 646 3271 poscat
670 3200 745 3257 ΕΒ.
838 3206 870 3255 15
895 3201 986 3272 odori]
1013 3199 1145 3255 odoratui
1166 3200 1201 3255 B.

190 3276 224 3325 lb
242 3271 319 3325 actui
342 3271 376 3328 L.
384 3271 417 3327 P.
511 3279 543 3327 18
563 3271 779 3328 salutationibus
802 3271 838 3326 L.
930 3277 962 3326 19
982 3271 1070 3326 etiam
1092 3287 1142 3326 om.
1167 3271 1201 3325 B.

190 3346 224 3394 20
243 3343 402 3396 contractus
421 3343 457 3397 R.
489 3342 596 3398 blanda
610 3373 643 3382 —
659 3348 693 3398 28
712 3341 897 3413 permixtione
916 3359 966 3398 om.
985 3342 1022 3398 Β.
1093 3347 1126 3396 12
1147 3357 1202 3396 cre-

190 3409 292 3463 dentur
309 3412 342 3465 P.
434 3417 468 3467 13
487 3413 689 3483 praemixtione
713 3416 748 3469 R.
786 3413 901 3468 humani
924 3413 1033 3482 generis
1057 3429 1107 3468 oua
1127 3411 1162 3467 L.
1170 3412 1201 3466 P.

190 3477 231 3530 ita
250 3479 285 3531 R.
315 3497 365 3536 om.
384 3489 430 3538 cet.
474 3484 635 3539 141111.
664 3487 694 3540 et
712 3491 758 3542 eet.
795 3490 830 3540 25
848 3483 948 3540 tribuit
965 3484 1001 3540 B.
1028 3482 1152 3539 familias
1170 3482 1201 3536 L.

190 3545 393 3603 familiaritatis
412 3553 445 3608 P.
