2650 3920
170 218 213 284 84
593 217 703 274 LIBER
721 220 755 276 Il.

169 379 325 446 armanda
353 384 424 445 tum
454 379 590 465 Bactra,
622 379 731 446 Indos.
754 381 852 447 etiam
885 385 918 446 et
948 380 1182 450 Samiramidos

169 489 272 553 regna
292 468 452 552 censebat,
476 491 652 554 omnesque
671 474 800 535 centum
823 473 856 534 et
874 471 1041 555 octoginta
1060 477 1183 558 gentes,

169 578 249 640 quas
267 556 330 621 sibi
350 556 498 624 subditas
518 559 623 641 sciret,
642 557 683 622 ad
702 559 927 623 commilitium
942 560 1126 637 exercitare,
1145 565 1182 626 ut

168 645 196 709 si
220 644 359 710 nihilum
387 647 540 730 amplius,
569 648 659 735 certe¹
679 647 731 710 vel
759 647 935 712 ostentatio
963 649 1181 714 multitudinis

142 736 292 799 sterrore
323 734 462 818 quodam
490 733 687 799 Graecorum
717 735 834 800 animis
862 736 1042 802 obsisteret.
1091 736 1181 803 Haec

168 823 329 888 sententia
351 824 502 906 placebat
525 823 655 907 quidem
678 824 848 888 admodum
873 825 956 908 regi,
980 829 1012 890 ct
1036 826 1180 910 adstipu-

168 910 322 976 labantur
353 911 453 976 etiam
483 912 629 996 plerique
657 915 858 996 praesentes,
887 913 952 977 nisi
979 914 1065 998 quod
1096 915 1180 998 apud

167 1020 222 1064 eos
257 1021 357 1065 unum
390 1020 459 1065 esse
491 1020 568 1083 prae
606 1001 721 1065 ceteris
752 1000 876 1065 viribus
908 1023 1007 1085 penes
1040 1000 1179 1068 Graecos

167 1089 352 1172 constabat,
375 1088 460 1173 quod
482 1088 556 1172 plus
581 1088 751 1172 prudentia
774 1089 893 1154 mentis
917 1112 1015 1174 quam
1037 1091 1180 1156 valentia

127 1198 154 1239 ro
168 1197 340 1262 corporum
358 1180 501 1260 possent.
537 1176 627 1261 Ergo
651 1177 826 1242 secundum
849 1177 930 1243 haec
948 1176 1067 1243 Darius
1089 1180 1181 1245 iubet

168 1287 297 1331 omnem
320 1265 461 1348 undique
485 1269 644 1331 armatam
668 1265 910 1331 multitudinem
934 1269 1113 1333 convenire.

199 1403 202 1412 .
257 1351 315 1420 24.
334 1352 519 1418 Alexander
532 1375 608 1419 vero
622 1354 685 1418 iter
698 1375 755 1437 per
767 1351 914 1421 Ciliciam
929 1377 1037 1441 agens,
1052 1378 1125 1421 cum
1162 1362 1236 1418 VIII.

167 1441 306 1506 multum
330 1443 429 1526 spatii
452 1442 512 1507 sub
532 1443 655 1508 aestivo
680 1443 749 1508 sole
771 1444 869 1508 armis
889 1447 1023 1510 onustus
1042 1444 1178 1526 pedibus
1197 1449 1244 1501 31.

167 1530 335 1615 exegisset,
356 1531 441 1596 forte
461 1529 620 1616 Cydnum,
642 1531 729 1597 haud
752 1531 901 1616 cuiquam
925 1532 1100 1598 secundum
1121 1532 1179 1597 flu·

127 1640 153 1682 rs
167 1639 243 1684 men
265 1619 319 1684 vel
342 1620 567 1704 magnitudine
589 1620 641 1685 vel
665 1621 827 1704 perspicui
851 1622 990 1704 agminis
1012 1621 1113 1686 nimio
1137 1622 1178 1686 ri-

34 1705 41 1718 '
167 1727 261 1793 gore,
291 1729 365 1773 cum
394 1711 495 1792 ponte
525 1709 680 1774 transiret
708 1708 887 1773 delectatus
920 1710 987 1775 eius
1019 1709 1180 1775 evidentia

165 1797 290 1878 pariter
319 1801 352 1860 et
381 1795 619 1880 magnitudine,
656 1816 830 1860 unacum
863 1797 963 1862 armis
996 1817 1059 1864 sose
1088 1820 1180 1882 prae-

167 1882 283 1965 cipitat
311 1905 328 1947 e
355 1887 456 1966 ponte
485 1904 521 1946 ac
548 1881 755 1946 natabundus
785 1882 859 1947 exit.
906 1881 968 1948 Sed
996 1884 1030 1948 id
1057 1886 1180 1952 factum

167 1969 299 2034 etiamsi
321 1969 352 2034 ei
375 1969 416 2034 ad
438 1970 662 2034 testimonium
685 1969 886 2035 fortitudinis
904 1971 1082 2054 plurimum
1105 1995 1180 2038 con-

125 2075 153 2117 so
167 2058 251 2143 tulit,
264 2058 484 2124 valetudinem
498 2061 610 2123 tamen
625 2057 881 2123 discriminosius
895 2059 1028 2124 vicerat.
1053 2059 1179 2145 Quippe

166 2147 291 2212 calente
316 2147 517 2212 etiamtunc
541 2150 574 2211 et
598 2146 732 2211 sudante
755 2167 891 2231 corpore
909 2147 1053 2214 incidens
1077 2171 1179 2233 aquae

165 2236 254 2301 illius
286 2236 525 2301 vehementiam
556 2236 607 2301 rel
639 2234 781 2321 rigorem
818 2238 946 2301 tantam
982 2237 1090 2303 nervis
1131 2238 1180 2302 in·

165 2325 282 2390 iuriam
310 2325 549 2410 perniciemque
576 2322 767 2408 tradiderat,
797 2327 834 2388 ut
861 2325 1003 2410 undique
1030 2328 1179 2411 protinus

166 2413 333 2480 doloribus
365 2413 632 2480 concurrentibus
665 2413 772 2478 morbi
800 2434 898 2480 causa
928 2419 1097 2481 contracta
1126 2415 1180 2481 vix

126 2520 153 2562 ss
168 2503 339 2586 expiabilis
361 2503 533 2568 rideretur.
572 2500 677 2579 Quare
701 2523 775 2566 cum
792 2506 922 2587 tempus
940 2504 1115 2588 plurimum
1134 2504 1179 2570 la·

167 2591 299 2657 beretur
322 2611 425 2675 noque
450 2590 654 2656 medentibus
678 2591 789 2656 sedulo
813 2592 937 2657 curatio
961 2591 1019 2656 ille
1042 2595 1179 2676 pareret,

167 2679 337 2763 Philippus
356 2681 484 2762 quidm
506 2679 651 2764 nomine,
676 2679 779 2745 sciens
804 2681 884 2744 artis
908 2679 1051 2744 eiusdem
1075 2683 1108 2744 et
1131 2700 1178 2744 se-

166 2765 303 2832 dulitate
327 2768 570 2852 acceptissimus
594 2767 674 2853 regi,
696 2769 826 2834 conficit
842 2768 1004 2852 poculum,
1027 2767 1112 2852 quod
1131 2766 1179 2832 di-

258 2945 272 2994 1
292 2940 422 2994 armandi
430 2940 463 2996 P.
483 2939 672 2996 Sarammidos
681 2940 718 2996 A.
737 2941 972 2996 semiramidosP.
990 2957 1095 2997 correo.
1106 2941 1177 2998 Mai.

167 3019 184 3066 3
203 3011 356 3067 exercitare
374 3013 410 3066 A.
435 3028 486 3067 om.
501 3012 534 3067 Ρ.
557 3011 678 3067 excitare
692 3011 793 3068 Ebcrb.
830 3015 846 3066 5
865 3011 976 3068 animus
993 3013 1129 3069 obsistere
1143 3014 1178 3068 A.

168 3083 263 3156 trogi
283 3083 317 3138 P.
343 3083 428 3154 regiis
447 3082 483 3138 A.
558 3083 668 3153 'lapud
685 3099 732 3138 eos
751 3083 784 3138 P.
812 3099 860 3139 eos
879 3084 916 3139 A.

256 3153 307 3210 24.
336 3161 369 3209 13
389 3153 488 3224 spatiis
503 3154 537 3208 A.
576 3154 692 3208 onustus
706 3153 830 3224 peditem
848 3172 928 3210 suum
945 3155 979 3210 'ut
996 3155 1022 3208 ei
1040 3171 1101 3210 mos
1119 3155 1180 3210 erat

152 3225 229 3350 ¹ipse
249 3224 370 3351 jnssafie
396 3224 698 3352 pppibuseepppppsetl,
715 3242 755 3351 ap)
770 3227 843 3280 torto
869 3225 967 3351 pidum
988 3226 1180 3352 pppdmppnlpe

197 3313 288 3352 anone
346 3338 352 3351 .
471 3313 515 3352 ses
638 3314 650 3351 e
716 3315 727 3350 r
756 3313 789 3352 m.
807 3313 870 3352 secu
882 3313 922 3353 aa.
1118 3338 1125 3352 .
1173 3338 1178 3350 .

170 3371 203 3419 19
222 3368 249 3422 si
273 3367 307 3423 P.
336 3367 395 3421 eius
417 3368 454 3422 A.
531 3372 566 3421 23
585 3312 723 3436 pernitidb
747 3383 818 3435 quae
840 3368 877 3423 A.
949 3373 984 3421 26
1003 3366 1180 3423 medentibus

170 3437 244 3491 Mai.
272 3437 412 3492 mentibus
430 3437 504 3494 AP.
582 3443 615 3492 27
635 3437 750 3505 quidam
770 3438 837 3493 Mai
853 3439 1040 3509 supplevitea
1057 3439 1179 3509 Epitom.

169 3506 238 3560 artis
262 3508 335 3562 Mai.
369 3511 459 3562 artem
484 3509 567 3564 Oodd.
605 3507 786 3563 sedulitatem
808 3510 844 3564 A.
926 3513 960 3563 28
990 3509 1086 3566 Verbis
1105 3509 1181 3578 ‘regi
1238 3545 1239 3548 =

169 3575 297 3630 conficit’
326 3577 425 3642 finitor
452 3580 595 3646 quaternio
622 3583 737 3648 paunus
763 3581 795 3634 iu
819 3578 872 3649 A.;
898 3581 1042 3651 quomado
1067 3581 1181 3652 quintus
