2654 3926
464 224 583 280 oscus
603 225 825 281 annxnuoru.
1133 228 1152 294 7.
1194 308 1196 310 Ι

136 387 391 472 deprehendat?
437 386 499 454 ‘Ne
523 386 697 472 metueris‚'
724 387 777 452 ille
800 390 976 472 respondit,
998 389 1152 476 .‘opitnla-

136 477 224 541 bitur
247 477 334 541 enim
356 476 497 541 Ammon
521 477 550 541 ei
573 475 664 556 vitio,
687 475 773 561 quod
797 478 909 562 suasit,
931 500 1070 564 eumque
1093 503 1152 565 per

136 565 299 631 somnium
323 586 419 648 super
446 564 534 630 facto
558 564 699 644 docebit,
726 564 870 649 nequid
897 566 961 632 tibi
988 569 1050 633 iste
1081 591 1151 634 suc·

135 657 279 736 censeat,
308 653 393 737 quod
421 652 504 718 sciat
532 652 608 718 deos
632 653 776 718 omnium
800 657 950 736 potentes
974 656 1066 721 esse?
1112 657 1149 722 In

134 742 220 808 hunc
235 742 336 827 igitur
350 741 482 806 modum
492 741 661 825 Olympias
676 741 812 826 magicis
827 742 953 808 artibus
964 743 1150 810 ducebatur.
1164 765 1177 806 a

224 829 286 895 Sed
300 829 508 895 Nectanabus
529 830 592 894 sibi
611 851 739 894 sacrum
754 831 941 914 accipitrem
954 836 1050 916 parnt
1065 855 1150 898 eum·
1163 839 1240 896 Vlll.

135 941 196 1003 que
221 919 375 984 secretius
399 922 510 984 monet
536 918 582 982 ire
606 917 646 982 ad
669 916 856 1002 Philippum
881 924 914 984 et
937 920 1040 1004 loqui,
1068 943 1150 1005 quae

133 1009 204 1091 ipsc
228 1007 447 1072 mandaverat.
494 1006 668 1091 Pergitque
696 1007 743 1071 ire
772 1008 853 1091 ales,
881 1011 919 1072 ut
941 1008 1067 1074 iussum
1090 1013 1150 1094 est,

132 1117 190 1180 per
209 1101 312 1160 terras
332 1099 365 1160 et
383 1116 471 1159 mere
491 1093 744 1180 Philippumque
763 1100 969 1178 pernoctem
988 1097 1149 1163 adsistens

133 1183 296 1248 mandatis
315 1182 524 1266 opinionibus
544 1183 694 1266 complet.
726 1182 851 1268 Quippe
865 1185 999 1250 territus
1020 1186 1147 1252 somnio
1164 1209 1189 1248 ιο

133 1274 331 1355 evocatoque
354 1292 412 1334 rex
436 1271 639 1336 somniorum
661 1271 840 1355 interprete
869 1272 915 1338 sio
943 1273 1003 1340 ait:
1032 1272 1147 1358 ‘Vidi'

132 1361 254 1446 inquit,
282 1359 353 1444 ‘per
377 1357 518 1442 quietem
541 1356 635 1422 deum
659 1359 832 1444 quendam,
860 1360 944 1427 facie
966 1361 1147 1427 formosum

132 1454 165 1514 et
188 1449 307 1514 canitie
331 1447 548 1513 caesariatum
571 1446 688 1529 capitis
712 1450 745 1511 et
768 1467 879 1532 genae,
903 1450 1013 1514 arietis
1036 1453 1147 1515 tamen

132 1537 282 1603 cornibus
310 1535 518 1621 insignitum,
549 1534 772 1618 supervenisse
801 1533 986 1619 Olympiadi
1017 1539 1146 1623 coniugi

131 1648 222 1690 meae
253 1645 349 1709 seque
379 1623 430 1687 illi
459 1622 584 1706 nuptiis
615 1621 803 1687 miscuisse?
854 1621 978 1699 Quibus
1006 1628 1145 1709 patratis
1161 1650 1186 1691 15

130 1714 211 1779 haec
230 1713 330 1778 etiam
349 1712 447 1776 verba
466 1710 645 1775 addiderat:
669 1709 867 1795 ‘Excepisti'
887 1713 1002 1796 inquit,
1026 1712 1057 1778 ‘o
1077 1735 1145 1778 mu-

130 1803 199 1885 lier,
222 1822 345 1865 marem
364 1801 476 1883 filium,
499 1799 555 1883 qui
573 1798 703 1864 adserat
725 1802 758 1865 te
781 1803 814 1864 et
835 1800 938 1885 patris
962 1801 1052 1867 ultor
1075 1824 1144 1868 esse

130 1888 301 1955 laudetur?
341 1889 423 1953 Tum
443 1888 587 1952 mulieris
607 1888 748 1974 virginal
767 1888 857 1954 biblo
877 1893 1050 1975 contegere
1070 1911 1143 1956 con-

131 1976 1144 2152 elstret?{disistitltcrluzld⁰tlffi⁰ul
1157 2093 1183 2132 2.

130 2177 202 2221 oum
218 2154 378 2238 vidissem,
398 2153 552 2238 accipiter
571 2154 801 2236 superveniens
819 2154 961 2220 excitare
980 2176 1031 2219 me
1046 2157 1142 2239 pulsu

128 2243 299 2309 videbatur
327 2244 461 2308 alarum.
507 2240 591 2317 Quid
618 2241 718 2325 igitu'r
746 2242 834 2307 istud
864 2246 927 2328 est,
954 2243 1041 2327 quod
1069 2266 1142 2328 por·

129 2331 315 2397 tenditur?'
360 2331 444 2395 Tum
467 2329 642 2412 interpres:
667 2327 710 2394 Ὀ
733 2329 897 2414 Philippa,
920 2353 1032 2396 verum
1055 2332 1141 2397 istud

128 2425 180 2486 est
202 2440 262 2484 neo
286 2419 322 2482 in
341 2419 428 2482 aliud
447 2416 732 2502 interpretandum,
755 2421 792 2482 ut
811 2418 945 2502 adsolet,
967 2419 1141 2501 opinabile.

128 2507 220 2585 Quod
244 2507 330 2570 enim
354 2506 477 2590 signari
500 2504 612 2568 vidisti
634 2505 775 2590 virginal
799 2505 951 2589 feminae,
974 2506 1071 2572 fidem
1094 2509 1141 2572 rei
1155 2532 1182 2572 aa

127 2599 218 2663 visae
232 2597 380 2660 testatur.
414 2592 626 2678 Consiguatio
642 2593 729 2656 enim
743 2593 822 2658 fides
838 2599 888 2659 est
902 2601 998 2678 atque
1013 2596 1141 2680 veritus,

128 2708 167 2752 ex
185 2706 248 2770 quo
267 2682 446 2768 praenosti,
467 2680 553 2765 quod
572 2681 629 2744 illa
648 2681 844 2766 conceperim
865 2704 959 2748 nemo
979 2683 1064 2748 enim
1082 2708 1139 2750 vas

126 2795 264 2840 vacuum
284 2770 533 2856 consignaverit.
565 2768 611 2835 Et
626 2769 706 2834 haec
723 2768 824 2854 biblo,
842 2770 960 2856 quippe
980 2794 1052 2838 cum
1069 2773 1139 2842 bib·
1238 2804 1241 2810 ·

6 2935 13 2956 ι
127 2863 178 2927 lus
197 2863 262 2926 ista
278 2861 329 2926 vel
348 2863 439 2925 carta
456 2858 575 2922 nullibi
594 2860 739 2944 gentium
758 2860 822 2924 nisi
840 2860 875 2924 in
893 2865 1006 2926 nostra
1024 2863 1139 2928 tellure

86 3057 90 3065 .
216 3015 365 3070 tmodum
385 3031 435 3069 om.
455 3014 489 3070 P.
518 3014 623 3084 magici
643 3016 676 3068 P.
735 3014 901 3071 'taceretim
919 3018 1027 3073 videtur
1046 3019 1139 3087 lepisse

126 3091 247 3144 Iunctus.
275 3089 305 3142 et
322 3086 402 3154 loqui
412 3091 471 3140 -9
487 3084 705 3155 Philippumque
719 3102 769 3142 om.
780 3086 812 3140 P.
851 3093 866 3140 9
885 3103 992 3156 perque
1010 3094 1137 3145 terraer.

127 3165 159 3213 11
179 3158 331 3227 interprete
345 3157 449 3226 Bcrper
462 3158 495 3210 de
511 3157 624 3228 Xiorep.
653 3156 819 3226 interpretes
829 3157 895 3212 r.P.
952 3163 985 3212 16
1004 3158 1090 3211 verbo
1103 3160 1137 3214 P.

126 3229 261 3298 excepisti
270 3235 297 3280 Τ.
325 3225 436 3296 excepti
453 3227 486 3281 P.
572 3232 605 3281 18
624 3228 843 3296 consignareque
862 3235 889 3281 1.
919 3228 1085 3298 signateque
1103 3229 1136 3282 P.

126 3307 158 3356 19
178 3301 321 3354 visebatur
330 3305 357 3352 Τ.
381 3297 531 3352 videbatur
551 3298 584 3352 P.
640 3304 674 3353 20
692 3299 782 3352 leonis
801 3301 886 3367 caput
904 3299 939 3366 cf.
960 3297 1048 3366 Steph.
1068 3298 1137 3370 ΒΨ.

123 3389 145 3426 s.
164 3387 188 3426 o.
205 3366 411 3437 Ἀλεξάνδρειαε
437 3364 545 3436 ἐκλήθη
570 3365 601 3422 δὲ
617 3364 748 3431 ‘Paccius
770 3369 819 3423 καὶ
839 3365 931 3436 Φάρος
952 3369 1001 3422 καὶ
1019 3368 1139 3424 Λεοντό-

125 3446 203 3504 notu
221 3438 270 3495 dcci
289 3436 321 3493 τὸ
340 3437 392 3508 τὴν
411 3440 460 3507 τῆς
475 3436 664 3509 Ὀλυμπιάδος
682 3437 805 3507 γαστέρα
820 3433 1013 3506 ἔσφραγίσθαι
1026 3436 1139 3502 λέοντος

124 3511 224 3567 εἰκόνι.
262 3515 296 3565 24
315 3509 456 3579 opinabile
467 3511 499 3563 P.
528 3509 678 3579 opinavere
687 3516 714 3563 Τ.
752 3514 786 3562 28
806 3524 926 3562 vacuum
938 3508 971 3562 P.
995 3523 1098 3577 vagum
1108 3516 1137 3561 Τ.

123 3583 161 3638 Et
178 3583 248 3638 haec
266 3588 295 3636 ’1.
322 3581 361 3636 Ut
377 3580 448 3634 haec
468 3580 517 3635 P..
573 3580 796 3636 aelstanus.
