2646 3934
176 131 240 196 178
333 129 547 185 ALEXANDRI
566 129 642 185 CUM
661 129 820 186 DINDIMO
840 130 1025 186 COLLATlO.

175 293 328 358 discimus
352 314 457 377 neque
485 292 655 357 facundiae
682 292 848 357 rhetorum
877 296 1106 378 oratorumque
1129 294 1186 359 da-

175 403 246 447 mus
271 402 411 465 operam,
434 382 524 446 cuius
548 381 691 446 officium
716 385 766 445 est
783 380 961 464 phaleratis
982 383 1185 448 sermonibus

174 472 368 555 figmentare
392 469 559 534 mendacia
577 472 611 533 et
628 469 832 534 innocentiae
851 469 948 533 fidem
966 470 1110 535 conferre
1129 472 1188 536 cri-

175 558 317 623 minibus
346 579 382 623 ac
409 557 574 641 parricidii
604 578 676 622 reos
706 557 872 642 assignare
899 557 1075 641 piissimos.
1126 557 1188 634 Qui

149 647 253 711 edum
282 648 401 730 putant
432 667 465 710 se
496 645 620 710 alienae
650 644 754 709 laudis
784 648 925 710 fructum
954 668 1012 729 per
1041 647 1188 731 iniquam

174 735 343 800 victoriam
362 734 518 818 rapuisse,
540 733 688 798 nesciunt
708 754 741 797 se
760 734 995 798 munimentum
1017 756 1093 799 suae
1113 756 1186 801 con-

175 823 328 888 scientiae
343 822 531 906 perdidisse.
565 819 709 905 Simplex
723 823 808 905 apud
826 844 886 887 nos
901 823 1087 906 eloquentia
1103 845 1187 888 com·

174 912 345 996 munisque
359 932 430 975 cum
446 910 605 994 omnibus,
625 909 729 974 solum
744 911 946 992 praecipiens
965 932 1031 976 non
1047 913 1188 980 mentiri.

173 999 446 1083 Philosophorum
470 998 599 1062 scholas
623 998 755 1061 minime
773 997 1026 1082 frequentamus,
1049 1021 1187 1082 quorum

137 1111 162 1153 ιο
177 1088 323 1152 doctrina
352 1086 527 1170 discordia,
554 1085 636 1150 nihil
665 1085 782 1150 stabile
810 1089 995 1170 certumque
1022 1088 1188 1168 definiens,

174 1197 299 1259 semper
322 1175 531 1258 sequentibus
544 1174 670 1257 vplacita
689 1174 799 1256 priora
818 1173 1085 1258 rescindentibus,
1109 1197 1187 1260 quo-

173 1285 245 1328 rum
268 1285 333 1328 una
356 1285 432 1346 pars
456 1264 578 1327 bonum
602 1261 843 1346 inhonestate,
872 1263 936 1327 alia
957 1264 993 1327 in
1016 1264 1187 1348 voluptate

174 1351 354 1433 constituit,
378 1354 410 1416 et
429 1351 515 1434 quod
534 1355 692 1434 asserunt,
715 1352 798 1416 unde
818 1351 882 1434 ipsi
900 1352 980 1416 seire
999 1355 1186 1436 potuerunt,

174 1440 395 1505 demonstrare
418 1461 483 1504 non
501 1442 647 1523 possunt,
671 1439 726 1504 sed
746 1435 864 1504 audent
887 1439 1094 1523 opinionibus
1119 1463 1186 1505 am·

133 1552 159 1593 ro
173 1528 280 1612 biguis
303 1551 368 1593 non
392 1531 558 1612 comperta
580 1528 717 1592 firmare.
758 1527 880 1594 Nostra
902 1527 1109 1612 philosophia
1132 1550 1187 1593 exe

173 1617 282 1701 pedite
305 1620 368 1699 cst,
396 1638 479 1700 quae
507 1617 619 1680 iuvare
646 1637 711 1680 non
736 1615 801 1680 nisi
829 1616 914 1679 iuste
938 1617 1043 1695 novit,
1071 1638 1187 1683 nocere

172 1727 231 1770 nec
253 1705 389 1788 iniuste,
416 1725 476 1769 nee
504 1704 577 1768 aliis
605 1703 807 1768 inferendum
831 1711 954 1788 censet,
982 1704 1067 1788 quod
1090 1705 1186 1770 nobis

174 1813 351 1858 maerorem
371 1795 514 1877 generat,
533 1812 606 1855 cum
626 1791 772 1856 infertur.
809 1789 849 1855 In
864 1791 1020 1857 honorem
1039 1793 1183 1857 divinum

171 1880 310 1964 pecudes
333 1881 488 1944 innocuas
511 1898 579 1942 non
601 1881 780 1944 mactamus
803 1901 862 1946 nec
887 1880 1021 1945 delubra
1043 1882 1186 1946 metallis

132 1989 159 2034 ro
174 1969 336 2052 argenteis
374 1967 556 2031 incrustata
587 1966 759 2032 fundamus
796 1989 855 2033 nec
888 1969 1006 2033 altaria
1039 1992 1117 2034 auro
1153 1973 1186 2033 et

172 2056 307 2141 gemmis
332 2055 537 2140 splendentia
560 2055 755 2121 dedicamus.
799 2056 888 2132 Quae
917 2057 946 2121 si
974 2061 1010 2121 ut
1037 2080 1104 2122 non
1129 2058 1186 2122 ha-

171 2145 263 2209 benti
291 2145 350 2209 deo
378 2143 545 2229 largiaris,
573 2143 770 2227 superiorem
793 2149 825 2209 tc
850 2145 981 2227 asseris,
1009 2146 1037 2209 si
1066 2150 1102 2210 ut
1129 2146 1185 2211 ba-

172 2233 276 2316 benti,
300 2254 425 2317 parem,
454 2231 539 2316 quod
564 2234 723 2298 utrumvis
747 2233 875 2317 feceris,
904 2234 1099 2298 contumelia
1128 2239 1185 2299 est.

172 2321 257 2386 Nam
281 2322 427 2406 quisquis
452 2320 605 2385 caelestia
626 2320 739 2404 pretiis
763 2322 894 2406 invitat,
923 2321 1065 2389 offendit.
1109 2321 1185 2388 Non

132 2433 158 2475 ao
173 2411 310 2496 suscipit
332 2411 411 2475 deus
436 2430 528 2474 sacra
550 2409 737 2493 sanguinea,
760 2410 882 2474 cultum
907 2410 1016 2495 diligit
1039 2412 1184 2476 incruen-

171 2502 252 2584 tum,
274 2499 399 2583 spernit
418 2496 549 2562 funesta
567 2497 734 2583 libamina,
756 2499 853 2563 verbo
872 2499 1067 2582 propitiatur
1091 2521 1183 2564 oran·

170 2587 273 2653 tibus:
304 2587 389 2671 quod
420 2587 526 2650 solum
556 2586 586 2650 ei
616 2586 843 2650 commercium
871 2609 943 2651 cum
971 2587 1103 2651 homine
1135 2591 1186 2652 est

261 2781 277 2830 2
296 2776 435 2831 falleretis
452 2776 486 2830 L.
524 2781 540 2830 t
561 2775 683 2829 alienam
702 2777 814 2830 laudem
834 2777 868 2830 P.
901 2776 1023 2830 fructum
1045 2777 1117 2832 ΚΒ.
1143 2776 1184 2833 fa-

172 2851 248 2904 ctum
266 2847 302 2901 Β.
328 2863 378 2902 om.
397 2846 473 2900 L.P.
516 2852 579 2901 ose
599 2846 674 2900 ΡΒ.
701 2863 750 2902 om.
772 2852 819 2901 cet.
862 2847 1043 2916 cloquentia
1061 2848 1096 2902 R.
1126 2848 1183 2904 elo-

171 2918 288 2988 quentia
306 2920 349 2973 est
367 2917 440 2973 Ρ.Β.
519 2921 617 2971 8cum
637 2933 687 2972 ora.
707 2918 743 2972 B.
776 2918 865 2971 solum
884 2918 1059 2988 praecipiens
1078 2935 1128 2974 om.
1147 2919 1184 2974 Β.

172 2995 205 3043 10
225 2988 366 3044 discordia
386 2988 461 3042 Ρ.Β.
492 2986 661 3042 discordiam
679 2988 713 3042 L.
743 2986 846 3043 discors
864 2989 899 3044 R.
928 3005 978 3044 ora.
999 2990 1031 3044 V.
1088 2996 1181 3045 11re-

171 3059 362 3116 scindentibus
373 3060 408 3114 Β.
429 3057 621 3114 scindentibus
635 3064 682 3114 cet.
735 3063 767 3113 18
786 3059 977 3128 potuerantL.
1017 3061 1184 3116 otuerintR.

172 3131 355 3201 reexpecta
370 3130 405 3185 R.
425 3128 560 3184 exditaL
588 3128 664 3184 edita
673 3129 708 3183 Β,
729 3144 763 3184 ex
778 3129 882 3186 deitate
894 3131 927 3186 P.
946 3146 988 3185 om
1027 3173 1033 3186 .
1090 3136 1123 3186 17
1143 3132 1186 3186 in-

170 3201 315 3256 ferendum
329 3203 425 3256 censet
434 3200 463 3254 V.
488 3199 591 3254 inferre
606 3200 671 3254 dum
687 3201 782 3255 censet
791 3200 825 3256 Β.
851 3200 953 3256 inferre
968 3202 1034 3256 dum
1049 3203 1140 3257 cesset
1148 3201 1184 3256 L.

170 3269 272 3326 inferre
287 3271 368 3326 dulce
383 3272 426 3326 eet
443 3270 480 3324 B.
507 3271 609 3325 inferre
628 3273 705 3339 quod
722 3272 806 3327 nocet
824 3274 853 3326 et
873 3272 907 3326 P.
963 3276 997 3326 18
1014 3273 1183 3343 maerorem]

170 3355 322 3395 memorem
340 3342 413 3395 L.P.
458 3346 493 3395 20
511 3341 574 3412 nec]
593 3358 628 3396 nc
641 3342 676 3399 L.
720 3347 755 3396 22
774 3343 798 3395 si
817 3345 849 3397 ut
862 3343 896 3397 Β
922 3342 996 3396 sicut
1009 3344 1043 3398 L.
1052 3345 1084 3400 P.
1109 3344 1133 3398 si
1147 3343 1185 3398 Β.

170 3409 202 3461 ia
220 3409 251 3462 V.
267 3413 360 3465 omnia
373 3412 494 3467 trabale.
531 3418 565 3466 23
585 3412 733 3484 utrumvis]
750 3413 793 3468 vis
808 3429 913 3470 aarum
923 3413 957 3469 L.
996 3419 1030 3468 26
1050 3413 1135 3470 verba
1149 3413 1183 3471 L.

171 3477 207 3528 ab
225 3479 369 3532 orantibus
388 3481 423 3534 Β.
496 3486 530 3535 27
550 3483 746 3538 commercium
765 3483 801 3538 Β.
829 3499 879 3538 om.
899 3489 946 3540 cet.
