2650 3920
471 233 602 290 OBITUS
620 233 845 291 ALEXANDRI.
1101 231 1164 299 119

149 398 268 486 proelii
294 397 379 463 hanc
406 397 521 481 fuisse,
551 397 580 461 si
610 397 868 481 experimento
859 418 931 481 ipso
959 398 1026 462 fort
1028 396 1163 462 itudinis

152 509 229 553 snae
248 491 362 572 gentes
377 507 504 571 quoque
519 488 571 550 cet
572 507 645 550 erae
660 485 858 570 didicissent,
873 486 1052 551 amicitiam
1070 507 1164 551 suam

150 575 300 662 singulos
319 575 426 662 magis
450 596 547 658 quam
565 574 746 639 vehement
722 577 803 638 tram
827 574 964 658 experiri
983 575 1165 640 convenire.

149 663 257 750 Igitur
283 663 369 728 irent
397 663 534 748 quisque
561 684 692 728 securus
726 664 759 727 in
793 685 852 727 sua
884 683 943 727 nec
971 662 1057 727 ultra
1080 663 1165 748 quic-

149 774 247 837 quam
280 752 318 817 de
349 751 511 817 victorum
542 750 718 816 insolentia
749 750 967 835 trepidarent,
1000 771 1073 815 cum
1106 751 1198 814 illas

148 861 278 925 qnoque
310 861 408 906 causa
445 839 485 904 ab
517 839 742 924 indignatione
774 839 907 905 victoris
947 859 1017 904 sese
1054 839 1165 922 utique

149 932 310 1007 tueretur,
343 928 429 1014 quod
458 929 603 1012 plerique
633 929 760 993 soleant
791 929 826 992 in
857 927 1017 992 ultionem
1046 926 1164 1012 prioris

149 1017 364 1083 contumeliae
383 1016 511 1101 insequi
526 1019 707 1101 superatos.
739 1015 813 1082 Non
827 1015 926 1082 Indos
946 1017 1032 1081 enim
1052 1015 1165 1100 culpae

149 1105 238 1170 illius
262 1127 335 1171 reos
357 1103 445 1189 apud
468 1126 502 1169 se
525 1105 637 1189 fuisse,
659 1126 770 1170 verum
793 1104 924 1184 Porum,
947 1105 1003 1189 qui
1026 1107 1079 1170 sat
1064 1103 1165 1168 tsibi

149 1215 336 1278 poenarum,
359 1213 441 1278 quae
463 1193 516 1257 lex
540 1193 627 1294 belli,
650 1195 787 1278 monuit,
809 1197 921 1310 praest
906 1193 1038 1258 titisset.
1084 1190 1164 1295 §ed
1179 1214 1205 1254 ιο

149 1303 191 1347 ne
209 1281 272 1366 ipsi
291 1281 419 1367 quidem
438 1280 554 1345 ultra
542 1302 610 1346 ram
628 1281 734 1347 hostis
753 1304 834 1361 sum,
834 1277 921 1348 ’ait
953 1280 1164 1359 ‘quinceium

150 1369 265 1435 hortor
283 1391 463 1454 moneoque
482 1369 755 1485 vos,uti1·egem,
773 1373 811 1435 ut
825 1332 878 1435 ias
898 1369 1164 1455 exigitetetvobis

149 1459 250 1524 moris
280 1462 343 1538 est,
372 1457 556 1543 sepulturae
584 1455 754 1522 inferatis?
799 1457 853 1522 Ad
875 1458 956 1524 haec
979 1459 1066 1524 dicta
1088 1459 1163 1523 Ale·

149 1547 266 1614 xandri
293 1569 360 1614 non
388 1548 577 1612 cunctanter
606 1546 736 1630 quidem
763 1545 973 1630 adquisierat
996 1548 1046 1611 vis
1069 1545 1164 1611 Indo·

149 1657 232 1702 rum.
274 1633 334 1700 Sed
356 1635 442 1700 enim
461 1634 646 1701 Alexandro
668 1655 736 1700 non
760 1635 882 1719 absque
905 1634 979 1699 utili
1002 1634 1164 1718 sapientia
1179 1655 1204 1696 rs

148 1723 230 1788 baec
257 1721 445 1791 humanitas
474 1723 615 1803 sederat,
643 1719 715 1789 cum
743 1726 777 1787 et
803 1724 869 1788 vim
893 1722 1039 1788 Indicam
1068 1743 1164 1807 saepe

149 1815 300 1896 expertus
320 1814 408 1877 foret
426 1814 459 1877 et
476 1813 630 1898 pleraque
648 1811 788 1897 praedae
808 1833 929 1896 eorum,
953 1832 1035 1898 quac
1055 1831 1164 1876 secum

149 1900 291 1984 plurima
319 1901 425 1985 gentis
454 1921 532 1965 suae
561 1922 651 1965 more
678 1900 752 1966 Indi
780 1900 820 1965 ad
847 1901 1004 1984 proelium
1032 1900 1164 1984 vehunt,

149 1989 185 2053 in
208 2010 299 2054 suam
321 1992 519 2074 potestatem
543 1990 640 2055 sciret
662 2010 733 2054 esse
755 1989 950 2073 translapsa.
1178 2009 1203 2050 re

241 2075 301 2142 10.
345 2076 451 2154 Quare
482 2076 614 2144 domitis
643 2077 795 2144 hostibus
831 2081 1008 2163 avectaque
1043 2076 1164 2162 pracda
1172 2085 1218 2138 16.

149 2164 190 2230 ad
222 2164 483 2250 Oxydracontas,
514 2188 595 2251 quae
626 2187 707 2251 gens
736 2167 821 2231 exim
851 2166 947 2249 colit,
978 2167 1040 2229 iter
1070 2186 1163 2229 suum

149 2253 274 2338 dirigit,
301 2276 367 2320 non
394 2254 487 2319 illam
509 2255 637 2356 quidem
661 2257 793 2339 gentem
816 2265 854 2318 ut
875 2252 936 2318 hos
938 2253 1037 2318 ticam
1060 2253 1164 2316 incur·

150 2344 337 2406 saturus-
347 2363 452 2426 neque
466 2341 553 2406 enim
567 2342 634 2407 illis
649 2341 757 2407 studia
771 2345 848 2406 sunt
862 2363 1083 2407 armorum—
1084 2391 1093 2424 ,
1108 2340 1164 2405 sed

152 2429 239 2514 quod
258 2429 383 2494 celebre
407 2451 478 2495 esse
479 2429 621 2513 tIndos,
644 2451 724 2513 quos
745 2428 1036 2514 gymnosophistas
1057 2429 1164 2530 appel·

150 2517 230 2600 lant,
253 2516 375 2582 hisce
365 2541 399 2582 ιιι
417 2518 567 2602 partibus
585 2519 719 2602 versari,
742 2539 840 2603 opum
864 2517 993 2603 quidem
1018 2518 1162 2582 omnium
1176 2538 1203 2578 aa

148 2611 183 2671 et
211 2606 365 2690 cuiusque
392 2607 489 2691 pretii
516 2607 736 2692 negligentes,
765 2605 843 2672 solis
871 2627 948 2672 vero
978 2605 1162 2671 diversoriis

148 2693 397 2779 patientissimi,
430 2715 512 2781 qnae
543 2695 635 2760 humi
668 2717 768 2760 manu
798 2694 992 2760 exhauriunt
1022 2694 1162 2760 aditibus

148 2785 363 2868 perangusta,
391 2785 556 2850 enimvero
580 2783 694 2850 subter
716 2784 867 2869 capacius
892 2783 1048 2868 spatiata,
1076 2783 1161 2870 quod

85 3001 88 3008 .
238 2960 389 3012 esecurus
408 2971 459 3013 om.
477 2956 514 3012 A.
592 2959 665 3014 bad
683 2956 876 3028 indignatione
894 2973 965 3014 corr.
983 2958 1016 3014 ia
1033 2956 1151 3013 iudina

148 3027 255 3082 tionem
274 3028 310 3082 A.
366 3029 526 3084 'lineretur
543 3030 580 3084 A.
606 3032 733 3086 uteretur
750 3030 784 3085 P.
843 3029 954 3084 eillius
972 3029 1007 3085 A.
1016 3029 1049 3083 P.
1078 2973 1163 3083 ullius

145 3113 226 3167 prop.
247 3099 322 3154 Mai.
368 3104 402 3152 10
421 3115 493 3166 quae
513 3100 571 3154 Mr.
599 3100 754 3168 quiacors.
773 3099 928 3170 cuquiA
956 3115 1011 3168 que
1030 3099 1063 3154 P.
1092 3115 1162 3181 quas

144 3183 227 3237 prop.
252 3169 325 3224 Mai.
401 3175 434 3224 16
453 3167 613 3224 humanitas
637 3170 670 3224 P.
697 3170 843 3226 humilitas
865 3170 902 3226 A.
978 3175 1012 3226 18
1030 3169 1103 3226 mori
1126 3170 1162 3224 A.

151 3243 184 3292 19
203 3238 365 3295 Hiemesrs'
382 3239 442 3296 cult
460 3240 567 3295 Marcei
587 3239 731 3309 (Fleckeis.
750 3241 1015 3312 Aun.99,1r.285)
1034 3257 1076 3311 eo,
1093 3257 1165 3310 qaae

149 3324 183 3365 cc
203 3310 401 3366 Rettulimus
418 3311 500 3393 qdp.
514 3313 581 3390 123,
595 3313 639 3366 15.

238 3380 287 3436 10.
307 3386 342 3436 20
361 3379 526 3436 domitisA.
552 3349 666 3436 dimotis
679 3381 712 3436 P.
744 3383 897 3451 avectaque
918 3382 953 3438 P.
995 3387 1027 3436 21
1049 3382 1163 3450 osydra·

149 3452 249 3506 contas
266 3452 303 3507 A.
332 3450 528 3507 csidracontas
547 3451 581 3506 P.
627 3457 661 3507 22
680 3451 870 3509 incumatums
889 3453 922 3508 P.
950 3451 1108 3506 incursatur
1125 3452 1162 3505 A.

150 3525 185 3574 ιι
202 3519 247 3576 bis
265 3522 298 3578 P.
370 3527 405 3578 26
424 3522 568 3578 diversoui
587 3521 789 3591 sapientissimi
806 3524 844 3578 A.
880 3527 914 3578 28
934 3520 1065 3592 capacius
1081 3521 1162 3576 Vello-

149 3607 243 3648 maan.
272 3591 422 3662 capacibus
440 3595 476 3650 A.
483 3593 516 3648 P.
