2648 3924
158 213 204 277 90

160 397 328 460 supremas
352 377 478 441 litteras
501 375 608 460 datas,
636 380 744 442 cetera
766 399 842 443 vero
867 401 965 442 manu
992 401 1062 443 esse
1087 401 1172 446 com-

159 465 287 550 plenda.

249 553 312 619 Hic
342 557 477 638 uterque
507 554 666 620 exercitus
697 555 783 620 bello
813 557 956 640 paratur.
1006 554 1067 621 (lui
1095 555 1171 622 Ale·
1190 563 1236 620 XI,

160 641 282 708 xander
310 665 384 708 cum
413 643 590 727 plurimum
617 643 877 728 conscripsisset,
906 645 1045 728 satrapis
1072 645 1172 730 Phry·

132 729 1172 906 ⁶tttlt..ttpttttttrtltttttttlitittttttt

160 911 399 992 competentem
429 909 469 973 ad
499 908 713 975 militantium
742 930 913 975 numerum
944 914 977 975 et
1008 931 1172 976 armorum

160 1019 257 1082 quam
287 997 465 1062 maximum
492 1019 661 1063 numerum
692 998 795 1081 iubet;
825 999 860 1062 in
889 1019 970 1083 quos
1000 1021 1078 1064 usus
1108 1000 1171 1064 tria

160 1085 250 1150 milia
279 1086 475 1152 camelorum
503 1086 588 1170 apud
616 1085 743 1170 Syriam
771 1087 828 1172 agi
854 1087 1104 1171 mandaverunt,
1130 1109 1171 1153 ne

120 1195 147 1236 ro
161 1174 238 1260 quid
253 1196 374 1259 eorum,
393 1174 478 1258 quod
498 1175 571 1239 usui
585 1173 671 1240 foret
688 1174 768 1240 belli
786 1175 966 1260 commodo,
985 1180 1172 1242 moraretur.

249 1263 373 1327 Eodem
393 1285 470 1328 sane
485 1267 631 1346 tempore
645 1262 740 1328 Darii
760 1263 857 1329 duces
875 1265 995 1330 multas
1015 1264 1173 1330 eiusmodi

160 1351 288 1416 litteras
303 1352 495 1436 misitavere,
510 1352 625 1435 quibus
636 1352 769 1438 fatigari
784 1373 854 1417 sese
864 1353 1049 1438 multosque
1064 1353 1173 1419 admo·

161 1439 237 1504 dum
248 1441 455 1522 optimatium
465 1441 688 1524 interemptos,
697 1441 857 1526 quosdam
871 1443 970 1506 etiam
981 1441 1023 1506 ad
1031 1441 1171 1506 Alexan-

161 1528 255 1593 drum
264 1529 421 1594 transisse
430 1530 628 1595 nuntiarent.
651 1529 742 1594 Haec
756 1532 867 1596 omnia
879 1531 914 1595 in
926 1529 959 1595 id
968 1529 1105 1595 Darium
1119 1551 1172 1594 ex-

120 1636 146 1678 rs
160 1617 364 1700 citabant,ne
372 1617 449 1700 quid
457 1619 588 1704 segnius
594 1618 877 1702 praetermitteret.
890 1617 997 1704 Igitur
1005 1619 1046 1684 ad
1054 1617 1172 1684 Porum

161 1727 287 1791 quoque
306 1706 421 1772 scribit
439 1706 559 1772 Darius
603 1707 726 1790 etitque
745 1706 808 1771 sibi
827 1707 949 1772 auxilia
967 1709 1116 1793 plurima.
1317 1765 1318 1788 ,

250 1793 312 1858 Sed
332 1793 435 1859 Porus
457 1794 567 1859 relatu
591 1795 643 1858 ine
666 1795 812 1878 eorporis
836 1799 988 1861 excusata
1014 1799 1111 1880 atque
1154 1799 1214 1856 XII.
1317 1799 1318 1844 l

160 1883 195 1946 in
223 1886 353 1964 tempus
381 1881 482 1946 dilata
509 1882 614 1965 petita
640 1882 858 1966 rescripserat.
907 1882 969 1948 His
998 1883 1173 1968 compertis

160 1967 254 2034 Darii
276 1974 389 2054 mater,
412 1991 494 2054 quae
518 1991 584 2034 una
607 1990 680 2034 cum
699 1969 885 2036 Alexandro
910 1975 987 2054 erat,
1012 1972 1095 2036 clam
1118 1972 1173 2036 lit-

119 2081 146 2121 so
161 2061 249 2122 teras
267 2057 350 2122 facit
373 2078 491 2141 easque
515 2057 556 2122 ad
578 2058 682 2123 filium
706 2058 847 2124 destinat
871 2059 1008 2144 scriptas
1032 2061 1066 2123 in
1088 2059 1173 2124 hanc

161 2147 372 2211 sententiam:
409 2143 607 2232 ‘Rogcdune
646 2150 750 2212 mater
787 2146 888 2212 Dario
927 2147 995 2212 filio
1034 2148 1173 2214 salutem

161 2235 247 2300 dicit.
293 2233 395 2300 Fama
423 2238 474 2300 est
496 2235 529 2300 t'e
554 2239 666 2302 coacto
690 2237 832 2301 exercitu
855 2236 896 2300 ad
919 2237 1079 2320 proelium
1102 2240 1173 2302 ten-

51 2313 60 2334 ‘
161 2324 244 2408 dere,
266 2324 413 2409 profecto
435 2323 641 2408 nescientem,
665 2326 750 2410 quod
770 2324 857 2390 orbis
877 2346 1004 2411 quoque
1023 2327 1108 2391 vires
1132 2324 1173 2391 ad

162 2433 231 2478 sese
273 2413 439 2502 venientes
480 2433 536 2477 rex
573 2412 758 2478 Alexander
797 2413 893 2478 facile
935 2414 1172 2499 contempserit.

119 2522 146 2564 aa
160 2499 291 2567 Nollem
319 2501 433 2586 igitur,
462 2507 539 2567 nate
567 2501 627 2585 mi,
656 2502 815 2567 incertum
842 2501 945 2568 firturi
975 2525 995 2568 a
1021 2507 1054 2568 te
1081 2523 1173 2587 prae-

161 2592 270 2674 optari
301 2591 543 2674 praesentibus,
581 2590 633 2655 cui
664 2590 805 2656 fortasse
843 2591 886 2656 sit
917 2592 1101 2675 promptius
1133 2591 1172 2656 de

161 2680 268 2762 quiete
301 2678 425 2763 aliquid
457 2679 507 2743 vel
542 2679 686 2744 amicitia
719 2678 910 2745 consultare.
965 2678 1049 2757 Quid
1086 2677 1172 2742 enim

162 2767 306 2830 omnium
330 2771 393 2851 est,
422 2767 507 2850 quod
534 2770 567 2832 te
591 2768 710 2832 excitet
737 2768 778 2832 ad
800 2767 1071 2853 indignationem,
1099 2789 1172 2832 cum

161 2854 252 2938 ipsae
282 2876 342 2919 nos
373 2876 513 2938 quoque,
542 2855 660 2940 quibus
683 2855 817 2920 fortuna
839 2857 1015 2936 timebatur
1037 2855 1172 2940 tristior,

119 2963 148 3006 so
161 2943 298 3026 honore,
330 2965 393 3026 quo
427 2943 528 3026 domi,
564 2944 750 3029 nulliusque
783 2944 965 3030 indigentes
1003 2944 1172 3030 agitemus.

162 3030 246 3096 Boni
269 3031 370 3115 igitur
393 3030 554 3116 eonsules,
583 3032 610 3096 si
634 3032 673 3096 de
695 3032 901 3116 pactionibus
924 3032 1065 3099 videris?
1109 3033 1172 3097 His

161 3119 255 3186 lectis
277 3119 397 3186 Darius
421 3119 610 3204 illacrimat3
638 3121 700 3186 hoc
728 3121 799 3205 ipso
826 3124 937 3187 tamen
960 3121 1001 3186 ad
1024 3113 1172 3207 indigna-

161 3209 283 3274 tionem
308 3210 521 3274 excitamento
544 3210 711 3292 utebatur,
739 3210 823 3295 quod
851 3213 982 3294 putaret
1003 3209 1102 3275 indici
1124 3209 1172 3275 in·

160 3294 279 3362 iuriam
302 3298 425 3361 viribus
450 3299 531 3382 suis,
555 3298 583 3362 si
608 3297 645 3362 de
669 3299 875 3381 pactionibus
899 3299 1118 3365 meditaretur.
1250 3300 1256 3309 “

251 3505 494 3582 Jeompetentem
511 3505 549 3560 ad
566 3508 672 3575 scripsi.
701 3507 736 3562 ad
756 3510 963 3576 competentem
983 3508 1017 3566 P.
1059 3513 1174 3562 9man-

162 3568 272 3624 daverit
291 3572 347 3626 Ma.
371 3575 554 3631 mandaverat
573 3577 675 3632 Eberb.
748 3585 783 3632 23
802 3579 877 3646 quod
897 3580 955 3636 Mr.
979 3595 1035 3648 quo
1055 3579 1087 3635 P.
