2648 3922
139 239 182 304 38
573 238 682 294 urens
699 239 720 293 1.

139 405 172 467 et
195 402 260 467 alia
278 402 330 466 vel
353 401 511 487 miranda,
534 423 627 467 mons
647 424 773 486 quoque
793 406 925 486 propter
948 403 1015 468 illic
1034 403 1151 468 visitur

140 515 178 556 ex
193 493 360 577 congestu,
379 513 476 575 quem
494 490 649 556 incuriosi
662 492 835 556 vetustatis
850 493 1032 558 naturalem
1052 493 1151 558 etiam

139 580 322 663 opinantur.
365 578 427 644 Sed
451 601 489 644 ea
512 580 615 644 moles
639 581 758 664 egestis
783 580 925 664 undique
949 586 1034 646 terra
1054 586 1151 666 atque

137 669 317 749 ruderibus,
341 669 457 754 quibus
480 668 691 733 fundamenta
714 669 779 732 sint
802 670 971 734 moenibus
995 670 1152 734 exhausta

112 761 357 842 ovacuataque,
390 779 491 842 eoque
521 757 659 822 conlatis
693 778 732 821 ac
759 759 938 840 superfusis
967 759 1151 824 huiusmodi

139 846 237 912 erecti
261 851 293 910 et
316 846 409 911 ardui
433 846 553 910 montis
576 845 834 932 magnitudinem
858 847 1004 931 sumpsit.

229 933 287 1000 29.
311 934 447 1000 Omnem
471 939 581 999 tamen
605 935 768 1000 moenium
788 935 979 1001 varietatem
1003 935 1152 1001 distinxit
1169 946 1216 999 28.

138 1023 326 1089 nominibus
364 1028 396 1088 et
432 1024 569 1088 secrevit
604 1024 664 1088 sub
701 1024 920 1107 appellatione
953 1025 1150 1090 Graecorum

139 1113 372 1178 elementorum
404 1113 645 1197 primorumque
677 1114 817 1197 quinque
850 1114 1047 1198 litterarum,
1084 1136 1152 1180 non

99 1222 124 1262 ro
140 1202 250 1285 utique
275 1200 360 1286 quod
382 1201 444 1267 hoc
468 1201 537 1287 regi
562 1202 605 1265 sit
627 1201 854 1290 tantummodo
878 1200 1017 1287 libitum,
1039 1225 1151 1268 verum

138 1291 187 1352 uti
211 1312 249 1354 ex
272 1290 361 1355 hisce
387 1290 506 1354 litteris
535 1291 585 1354 sui
608 1290 749 1355 nominis
773 1291 975 1375 perpetuitas
1003 1291 1038 1356 in
1060 1292 1151 1356 urbis

138 1379 285 1462 partibus
315 1378 547 1444 celebraretur:
578 1378 785 1464 significante
816 1380 940 1445 scilicet
966 1381 1072 1464 prima
1099 1380 1151 1444 lit·

138 1471 208 1530 tera
231 1489 350 1532 nomen
373 1467 559 1551 Alexandri,
582 1468 721 1533 secunda
743 1491 820 1534 vero
844 1469 932 1554 regis
956 1489 993 1532 ex
1019 1467 1150 1552 Graece,

40 1567 41 1572 ’
137 1556 235 1620 tertia
258 1578 356 1640 porro
380 1558 521 1644 generis,
551 1562 668 1641 quarta
691 1556 789 1622 etiam
812 1557 914 1641 Iouis,
943 1557 1056 1640 quinta
1080 1578 1150 1621 sese

98 1644 263 1710 refecisse.
319 1644 371 1711 Sic
403 1647 491 1710 enim
524 1648 551 1710 si
585 1647 657 1729 quis
690 1646 786 1711 hasce
820 1647 960 1730 quinque
991 1645 1150 1711 orationis

136 1737 246 1816 partes
275 1736 480 1817 usurpaverit
504 1733 628 1798 Graeca
651 1734 778 1817 lingua,
806 1734 949 1798 inveniet
972 1734 1024 1799 his
1048 1736 1150 1800 uomi-

137 1823 233 1886 nibus
258 1844 295 1886 ac
318 1822 425 1886 verbis
444 1822 566 1904 primas
590 1821 650 1884 has
673 1822 799 1885 litteras
818 1821 917 1886 fuisse
938 1823 1151 1907 praepositas,

137 1911 222 1993 quod
241 1910 426 1973 Alexander
445 1909 514 1973 Rex
534 1908 643 1974 Genus
665 1909 752 1974 Iovis
772 1908 924 1974 Fecisset.
971 1908 1148 1994 Sepulchro
1167 1919 1213 1973 29.

136 2002 245 2061 tamen
270 1997 419 2062 draconis
442 1997 531 2061 illius
554 1997 620 2061 iam
642 1998 800 2081 perfecto,
824 2019 897 2062 cunr
920 1998 1029 2062 trabes
1054 2020 1148 2083 quae·

86 2097 122 2142 '20
137 2085 225 2170 dam,
254 2107 335 2170 quae
362 2086 402 2150 ad
426 2085 609 2171 ingressum
637 2086 705 2150 eius
735 2085 901 2151 columnas
929 2087 1149 2172 impresserat,

136 2196 212 2240 casu
232 2175 400 2258 repentino
426 2176 607 2240 conruisset
625 2174 893 2258 dissiluissetque,
917 2197 1039 2260 angues
1064 2198 1147 2240 oom-

134 2265 275 2347 plusculi
294 2263 436 2328 indidem
455 2263 624 2329 emersisse
644 2268 719 2328 sunt
737 2263 808 2346 visi,
827 2263 926 2348 hique
943 2264 1149 2351 reptabundi,

134 2356 233 2436 prout
252 2353 366 2437 cuique
387 2353 428 2417 ad
445 2353 623 2418 lubentiam
643 2353 784 2436 impetus
798 2351 871 2437 fuit,
890 2357 1148 2419 constructarum

135 2441 289 2506 domuum
318 2442 499 2526 penetralia
526 2442 682 2506 invasere.
729 2440 820 2517 Quod
845 2463 917 2506 cum
941 2442 1047 2526 ipsum
1071 2465 1148 2527 quo-

95 2547 121 2589 us
136 2553 196 2615 que
216 2530 360 2595 terribile
379 2530 553 2596 admodum
573 2530 743 2615 videretur,
761 2552 827 2595 non
847 2534 1035 2596 cunctanter
1054 2532 1148 2596 arioli

134 2620 386 2702 pronuntiavere
413 2619 473 2684 hos
502 2641 628 2704 quoque
658 2619 832 2685 daemonas
857 2624 889 2684 et
912 2620 1076 2704 praesules
1101 2619 1147 2683 lo·

134 2729 245 2772 corum
278 2730 348 2772 esse
381 2708 592 2790 domibusque
625 2708 765 2792 singulis
799 2709 950 2773 colendos
987 2729 1046 2790 pro
1084 2707 1146 2770 diis

133 2797 308 2878 penatibus
332 2796 417 2860 tradi
441 2800 605 2879 oportere,
632 2798 763 2881 eiusque
787 2818 858 2860 mos
882 2795 963 2860 vivit
986 2799 1020 2859 et
1043 2795 1147 2860 adhuc

133 2884 347 2949 Alexandriae
374 2884 545 2968 religiosus
573 2888 624 2949 est
651 2887 711 2950 sub
740 2885 905 2969 penatium
929 2884 1062 2950 deorum
1090 2883 1146 2949 ho·

93 2991 213 3037 sonore
237 2977 269 3037 et
292 2973 387 3038 statis
412 2973 523 3037 diebus
548 2977 659 3038 suetus
683 2974 747 3039 coli
770 2995 859 3037 more
879 2972 1045 3055 religionis
1065 2973 1148 3039 eius·

132 3062 235 3126 modi:
265 3062 433 3145 polentam
464 3084 503 3125 ex
533 3061 658 3143 tritico,
688 3062 775 3147 quod
805 3063 849 3126 sit
879 3062 948 3126 esui
976 3063 1147 3146 anguibus,

132 3150 271 3234 iaciunt,
305 3156 337 3215 et
370 3150 533 3214 coronatis
564 3151 771 3234 optimatium
803 3171 873 3215 mos
907 3155 956 3214 est
988 3151 1146 3235 templum

222 3322 338 3378 lualde
357 3323 486 3378 miranda
504 3325 607 3380 Eberh.
680 3325 773 3380 4sint
790 3326 826 3379 A.
853 3326 918 3378 sunt
936 3324 1038 3379 Eberh.

221 3393 270 3449 29.
299 3395 532 3450 9elimentorum
550 3397 586 3450 A.
674 3400 707 3448 17
726 3396 832 3465 primas
850 3397 957 3465 scripsi.
987 3411 1091 3465 pronas
1110 3397 1147 3450 A.

133 3469 166 3518 18
185 3464 260 3532 quod
279 3466 307 3518 et
326 3467 361 3521 A.
448 3472 483 3520 20
502 3482 573 3533 quae
593 3466 693 3520 Eberh.
723 3483 778 3533 qua
795 3468 831 3523 A.
867 3467 1025 3534 ingressum
1044 3466 1146 3522 Ebert.

131 3549 258 3602 gressum
280 3534 316 3589 A.
425 3542 459 3589 21
479 3536 720 3604 dissiluissentque
739 3541 775 3591 A.
883 3543 918 3592 24
937 3535 1091 3608 penitralia
1111 3538 1146 3593 A.

131 3609 166 3657 30
186 3604 267 3658 statis
287 3605 343 3661 Mr.
367 3607 483 3661 aestatis
503 3607 539 3661 A.
611 3613 645 3661 32
666 3608 814 3662 coronatos
833 3607 932 3664 Eteri.
