2648 3924
482 205 598 261 AOTUS
617 204 838 260 ALEXANDRI.
1103 207 1166 272 109

246 366 305 434 38.
328 366 381 432 Ad
403 367 485 433 haec
507 367 688 452 Rogodune
712 370 817 434 mater
840 367 1025 434 Alexandro
1049 369 1095 433 sie
1119 390 1167 433 re·
1186 381 1229 433 44.

157 457 302 544 spondit:
330 454 451 522 ‘Nobis
475 477 603 541 quoque
625 456 659 520 id
681 456 750 521 voti
772 457 912 521 maxime
935 455 1006 539 fuit,
1031 461 1068 521 ut
1092 479 1169 542 quo-

156 547 245 612 niam
269 545 331 610 diis
355 544 514 610 inclinare
536 544 630 609 Darii
656 565 775 610 nomen
803 545 844 608 ab
873 545 932 609 illa
957 545 1106 628 potentia
1131 547 1168 609 li-

155 636 294 716 buisset,
321 634 357 698 in
383 636 415 698 te
442 633 538 698 nobis
563 636 596 698 et
622 633 709 697 illius
733 633 876 717 dignitas
906 636 938 697 et
962 655 1036 718 spes
1060 635 1166 699 omnis

155 722 327 789 incolumis
347 725 538 807 servaretur,
558 742 654 805 quem
671 721 829 787 virtutum
847 722 972 787 scilicet
990 725 1023 787 et
1042 724 1193 807 sapien-s

155 813 220 877 tiae
244 811 361 877 merito
384 810 521 895 dignum
544 809 676 876 fortuna
699 831 757 874 sua
779 810 889 876 nullus
913 810 1089 876 addubitet.
1130 810 1168 876 Id

156 921 235 986 ergo
267 903 305 964 ut
334 899 474 980 cunctis,
506 899 555 963 ita
586 899 682 963 nobis
713 899 886 983 praecipue
916 899 1078 983 voluptati
1110 903 1169 985 est,

156 1011 238 1074 quas
260 992 293 1052 et
311 988 345 1052 in
364 987 427 1052 illa
439 1008 572 1052 versura
590 987 739 1052 fortunae
759 986 898 1052 nihilum
916 988 1012 1052 triste
1031 988 1169 1071 experiri

156 1076 359 1143 contenderis
387 1079 420 1140 et
445 1075 578 1141 habitas
601 1097 660 1160 pro
684 1076 787 1140 veteri
814 1096 852 1140 ac
879 1075 930 1141 tui
956 1077 1097 1141 nominis
1121 1077 1169 1141 di-

156 1166 283 1252 gnitate
315 1186 402 1230 nunc
434 1165 533 1229 etiam
565 1184 666 1248 regno
698 1164 884 1248 participes.
936 1163 1043 1249 Igitur
1073 1165 1168 1230 nobis
1183 1189 1209 1229 ιο

157 1254 311 1338 quoniam
333 1253 376 1337 id,
398 1252 597 1336 Alexander,
621 1251 707 1337 quod
730 1252 863 1338 Darius,
887 1274 936 1336 es,
959 1253 993 1317 in
1016 1256 1049 1318 te
1071 1254 1168 1319 nobis

158 1342 235 1408 deos
254 1345 288 1407 et
306 1342 439 1408 deorum
453 1341 609 1407 beneficia
627 1361 845 1424 numeramus,
861 1342 1009 1425 hancque
1027 1342 1170 1426 gratiam

157 1434 195 1497 ut
217 1431 280 1496 tibi
303 1430 479 1514 confessae,
502 1431 549 1494 ita
566 1430 739 1494 Persarum
759 1451 886 1514 quoque
909 1430 1094 1514 proceribus
1113 1452 1169 1514 pa-

158 1520 224 1584 lam
247 1519 390 1603 fecimus,
414 1540 478 1603 quo
497 1517 642 1602 ipsorum
666 1519 765 1582 etiam
782 1518 868 1582 votis
888 1518 1019 1583 deorum
1039 1519 1169 1584 immor-

157 1608 274 1675 talium
291 1607 434 1673 numeris
454 1611 487 1672 et
506 1607 671 1672 censoriis
691 1626 896 1691 congregere.
933 1604 1039 1681 Quare
1061 1610 1169 1671 tecum
1183 1631 1209 1672 a

158 1720 237 1780 una,
259 1695 345 1780 quod
367 1697 475 1780 iubes,
497 1695 655 1760 Roxanen
678 1716 805 1780 quoque
828 1695 980 1778 deinceps
1003 1695 1168 1760 venerabi·

159 1782 252 1850 mur?
297 1785 342 1850 Et
363 1783 445 1849 hacc
468 1783 597 1869 quidem
620 1783 771 1848 mulieres
798 1783 838 1848 ad
861 1805 982 1869 regem.
1027 1784 1170 1848 Eaedem
1188 1797 1231 1849 45.

159 1878 270 1939 tamen
293 1874 433 1958 satrapis
457 1877 490 1937 et
512 1871 722 1957 optimatibus
741 1871 835 1937 talia:
858 1871 1016 1956 ‘Agamus
1035 1872 1170 1957 largiter

161 1962 222 2028 diis
245 1962 485 2027 immortalibus
507 1962 640 2047 gratias,
663 1961 749 2046 quod
767 1959 868 2026 Dario
892 1961 1059 2026 desinente
1078 1958 1171 2026 Darii

158 2051 254 2116 nobis
282 2051 439 2116 beneficia
466 2071 534 2115 non
561 2049 686 2114 desunt.
735 2048 822 2114 Nam
853 2053 886 2114 et
912 2049 1067 2116 Roxanen
1095 2049 1170 2115 Ale·
1184 2077 1211 2117 ro

158 2139 281 2205 xander
304 2161 395 2204 suam
423 2139 501 2204 fecit
528 2160 663 2222 eamque
691 2137 835 2220 coniugii
857 2137 980 2203 honore
1003 2138 1170 2223 dignatur:

160 2249 224 2312 qua
246 2232 380 2294 cunctos
405 2227 443 2292 da
467 2228 576 2313 gratia
598 2249 664 2291 una
686 2247 759 2290 cum
783 2226 844 2290 diis
868 2225 947 2308 ipsis
973 2224 1170 2310 deorumque

159 2316 341 2382 simulacris
366 2316 512 2398 [obviare]
537 2337 595 2380 vos
619 2315 689 2398 regi
713 2312 793 2378 adeo
816 2313 1052 2397 benignissimo
1076 2335 1169 2397 opor-

159 2405 253 2489 tebit,
277 2409 374 2490 atque
397 2404 444 2489 id,
468 2404 554 2488 quod
576 2404 612 2468 in
634 2422 805 2467 commune
828 2401 993 2486 proficiat,
1016 2403 1171 2487 confiteri,

159 2514 232 2558 cum
256 2514 325 2578 eos,
355 2493 389 2557 in
417 2515 499 2576 quos
523 2491 672 2557 dominus
697 2490 802 2555 factus
831 2493 894 2574 est,
922 2491 1065 2555 mutuari
1092 2511 1170 2575 gau·
1184 2521 1211 2562 25

160 2581 248 2646 dium
273 2603 368 2647 suum
390 2581 541 2646 maluerit
563 2600 660 2662 quam
684 2576 851 2644 exercere?

229 2720 278 2775 88.
298 2719 551 2776 aincolomisrs.
563 2717 753 2800 incolumisP.
769 2719 799 2772 et
812 2719 906 2773 cm.A.
944 2725 960 2773 6
974 2718 1079 2802 nullius
1086 2719 1121 2774 A.
1141 2717 1171 2772 id
1263 2729 1266 2734 '

158 2787 800 2931 salsis}t⁰lr3t...t.¹lt²st'..llt.
813 2790 1172 2930 titillabat

160 2933 263 2988 veteris
278 2950 312 2987 ac
326 2932 369 2986 tui
382 2931 503 2987 nominis
518 2931 687 3002 dignitatem
698 2938 724 2986 d.
764 2937 796 2984 11
816 2931 846 2984 id
856 2938 884 2988 r.
899 2947 950 2990 om.
959 2932 995 2989 A.
1001 2933 1034 2986 P.
1056 2948 1085 2986 es
1096 2933 1131 2987 A.
1138 2931 1170 2986 P.

160 3005 203 3058 est
221 3009 249 3058 1.
293 3008 326 3057 14
345 3020 401 3071 quo
418 3010 446 3058 1.
470 3020 520 3058 om.
535 3003 609 3058 ΑΡ.
637 3002 711 3057 rotis
729 3008 757 3056 1.
765 3002 800 3057 Ρ,
825 3001 905 3058 vobis
923 3002 959 3060 A.
1005 3007 1038 3057 15
1057 3018 1172 3071 congre·

181 3090 227 3129 ere
247 3075 282 3130 P.
311 3074 527 3144 congrederer.
555 3089 726 3144 congregare
744 3074 779 3129 A.
843 3078 875 3128 17
894 3088 990 3142 regem
1009 3071 1120 3142 agenda
1137 3072 1172 3127 P.

159 3091 284 3198 desuem
293 3145 362 3200 M.
382 3147 462 3214 (corr.
477 3162 511 3200 ex
525 3147 670 3199 meaedem
680 3144 720 3213 Τ.)
758 3149 791 3198 18
809 3145 927 3212 largiter
937 3145 972 3200 A.
984 3145 1014 3198 P.
1037 3143 1136 3198 taliter
1143 3149 1171 3198 13.

162 3217 196 3269 19
215 3217 383 3271 mortalibus
401 3214 429 3269 A
496 3220 530 3270 22
550 3231 613 3270 cum
632 3213 685 3268 diis
700 3243 734 3256 -
749 3213 893 3284 oportebit
911 3217 995 3282 atque
1014 3231 1064 3269 om.
1084 3212 1171 3282 A.P.;

160 3285 237 3341 locus
253 3292 377 3342 seruatus
394 3289 426 3341 iu
444 3293 486 3354 1.,
508 3287 557 3356 put
579 3291 671 3341 tamea
693 3285 725 3338 ia
747 3285 802 3340 imo
820 3286 944 3356 marsim
961 3285 1074 3340 aisiaco
1092 3287 1173 3340 muti·

161 3357 236 3412 lctus
254 3363 305 3413 eat:
328 3358 426 3414 dsunt
447 3359 533 3413 initio
554 3361 685 3427 quaduor
706 3356 823 3412 imorum
841 3371 979 3412 vacuum:
1005 3373 1061 3424 qua
1076 3387 1109 3396 -
1124 3357 1172 3411 ob·

159 3427 238 3482 viare
254 3460 285 3468 -
301 3428 331 3482 id
350 3429 471 3498 quod-
487 3445 556 3497 quos
574 3427 610 3482 do
626 3457 668 3481 -.
701 3427 815 3480 cunctos
832 3427 940 3496 scripsi.
959 3428 1053 3482 cuncti
1060 3434 1087 3481 1.
1094 3427 1129 3484 Α.
1138 3429 1172 3483 P.

161 3503 195 3552 23
215 3499 329 3624 Obvddre
346 3501 471 3569 supplevi
484 3501 544 3556 coll.
558 3515 618 3569 cap.
634 3499 663 3566 I,
677 3501 728 3563 33;
747 3498 813 3564 III,
824 3502 869 3554 57.
906 3503 941 3552 24
959 3499 1084 3555 confiteri
1103 3515 1172 3555 corr.

159 3585 194 3624 erc
211 3585 263 3639 pro
298 3571 338 3626 cri
356 3577 383 3627 1.
