2648 3922
152 217 195 286 28
222 294 224 299 Ι
586 219 697 276 urana
713 219 734 274 1.

152 405 227 449 oum
249 384 389 467 populus
414 381 518 447 adhue
546 383 580 447 in
608 383 737 448 theatro
760 382 961 467 turbaretur,
984 381 1166 446 Pausanias

152 493 243 556 vero,
273 475 312 536 ut
341 471 491 556 diximus,
520 475 651 556 raptum
679 471 861 554 moliretur,
891 469 974 535 forte
1002 470 1098 534 rebus
1126 491 1167 534 ex

154 560 316 625 sententia
337 559 533 644 perpetratis
557 559 744 624 Alexander
767 561 997 644 supervenerat
1020 558 1167 623 offendit

153 669 215 732 que
233 648 347 713 turbas
366 652 400 712 et
417 648 483 713 vim
503 651 536 712 et
553 649 687 713 vulnera
706 645 859 732 Philippi.
901 648 1035 730 Quibus,
1057 650 1095 712 ut
1113 667 1164 712 res

126 740 237 821 serat,
266 737 406 821 coguitis
435 738 663 819 auctoremque
693 757 805 801 earum
834 757 942 801 rerum
969 734 1165 801 Pausaniam

152 825 233 891 haee
256 824 452 910 designasse,
474 825 607 890 inruens
630 825 755 910 regiam
778 824 907 908 inipso
930 827 1027 907 raptu
1049 823 1165 888 matris

151 913 333 978 Pausaniae
351 913 540 978 violentiam
560 912 780 998 deprehendit,
803 933 940 998 eumque
964 934 1038 977 oum
1059 912 1165 977 iaculo

153 1001 331 1066 destinaret
355 1003 583 1084 tenereturque
608 1000 778 1066 formidine
803 1001 917 1066 matris
940 1000 1166 1081 vulnerandae,

153 1088 321 1174 Olympias
345 1090 391 1154 sie
415 1089 619 1154 adhortatur:
644 1087 828 1173 ‘Iaeularq'
851 1090 967 1173 inquit,
990 1087 1059 1173 ‘fili,
1080 1089 1165 1153 iacu-

114 1196 140 1236 ιο
154 1178 233 1243 lare!
256 1199 298 1242 ne
318 1177 461 1261 dubites3
483 1178 588 1242 habeo
608 1177 694 1242 enim
713 1177 896 1260 praesidem
916 1176 1111 1242 Ammonem
1134 1181 1167 1241 et

153 1264 394 1350 protectorem?

245 1352 302 1419 18.
325 1353 502 1419 Enimvero
525 1352 711 1419 Alexander
733 1354 823 1420 nullo
846 1354 971 1437 impetu
993 1353 1087 1435 vinei,
1110 1352 1235 1417 sed12.

154 1463 227 1506 oum
247 1443 370 1525 spirare
389 1443 488 1507 etiam
507 1445 584 1507 tuno
603 1446 729 1527 patrem
744 1441 933 1527 Philippum
949 1441 1168 1524 comperisset,

154 1530 291 1595 eundem
311 1530 427 1596 advehi
445 1531 595 1596 illorsum
613 1531 705 1595 iubet
723 1530 940 1615 gladiumque,
962 1550 1058 1613 quem
1077 1549 1168 1612 gere-

115 1619 310 1702 1sbat=ipse,
330 1621 495 1684 conlatum
513 1621 548 1683 in
568 1620 733 1684 dexteram
746 1621 850 1702 patris
869 1619 967 1702 misit,
986 1639 1050 1702 quo
1068 1638 1168 1681 manu

154 1708 423 1860 ttrlltll
451 1708 660 1876 phillida
674 1706 1169 1877 llllttllllallttul

153 1904 239 1946 nune
255 1903 331 1947 sane
351 1881 422 1966 est,'
441 1881 557 1964 inquit,
575 1879 673 1964 ‘quod
692 1902 744 1944 me
758 1881 845 1946 vitae
859 1881 935 1944 finis
951 1817 1009 1946 aiut
1022 1844 1168 1945 huiusce·

154 1969 242 2034 modi
271 1991 358 2034 mors
387 1969 574 2052 contristet3
605 1969 692 2032 ultus
720 1968 806 2033 enim
835 1971 1001 2033 auctorem
1031 1969 1168 2032 iniuriae

115 2077 140 2117 ro
156 2057 260 2121 libens
283 2060 447 2141 oppetam.
489 2056 598 2140 Atque
621 2055 693 2121 ideo
716 2057 809 2121 illaec
833 2077 919 2121 nuno
943 2057 984 2120 ab
1007 2054 1168 2122 Ammona

154 2146 241 2210 dieta
254 2145 454 2223 reminiscor,
470 2166 551 2230 quae
566 2149 644 2209 tuno
658 2145 755 2208 matri
769 2147 846 2208 tuae
861 2143 1050 2228 Olympiadi
1063 2145 1168 2209 filium

154 2233 224 2299 fore
243 2234 344 2298 talem
358 2233 552 2318 praegnanti
571 2233 719 2298 dixerant
732 2233 921 2317 parituram,
940 2235 1080 2317 quinon
1099 2234 1168 2297 eius

154 2322 250 2387 modo
275 2321 421 2387 adsertor
448 2326 547 2404 esset,
575 2323 631 2386 sed
653 2321 771 2386 vindex
798 2343 924 2406 quoque
951 2323 1055 2407 patris
1083 2321 1169 2387 foret

123 2441 127 2448 ·
155 2408 305 2476 futurus?
351 2409 397 2475 lilt
421 2432 496 2476 eum
517 2409 569 2475 his
593 2409 687 2475 dietis
711 2410 858 2475 moritur.
905 2408 1046 2476 (iuratur
1068 2411 1169 2496 igitur

115 2516 141 2558 rs
155 2499 308 2584 Philippo
333 2499 423 2584 regia
447 2500 614 2583 sepultura
641 2499 780 2564 maerori
803 2499 961 2565 eiusmodi
986 2500 1076 2564 omni
1098 2497 1168 2562 Ma·

153 2588 289 2667 ¹oedonia
313 2590 346 2651 et
369 2589 493 2672 reliqua
516 2587 652 2652 Graecia
675 2588 892 2671 conspirante.

246 2673 304 2742 19.
327 2675 395 2740 Ubi
413 2676 515 2760 igitur
533 2676 599 2742 iam
619 2677 700 2740 moti
718 2676 819 2740 animi
838 2675 1008 2739 hominum
1027 2674 1084 2737 illa
1134 2677 1219 2735 XXV.

156 2783 264 2827 rerum
287 2765 432 2828 novitate
457 2764 630 2848 quietiores
653 2765 716 2828 visi
740 2784 810 2828 esse
833 2764 1017 2846 potuerunt,
1041 2761 1167 2826 scandit
1184 2763 1231 2817 13.

176 2940 182 2948 '
245 2941 260 2988 1
279 2935 447 3004 Pausanias,
471 2952 542 3004 quae
566 2935 701 3006 diximus,
724 2935 870 2992 moliretur
893 2937 927 2992 P.
1005 2933 1168 3004 4Philippi

155 3023 206 3062 om.
228 3006 261 3061 P.
335 3007 441 3062 thaee
460 3023 510 3062 om.
531 3007 566 3061 P.

245 3077 295 3132 18.
316 3084 348 3132 13
367 3079 429 3133 tum
450 3078 484 3132 P.
532 3083 566 3131 14
585 3078 704 3132 eundem
723 3077 749 3132 ei
767 3076 871 3134 advehi
889 3076 954 3132 illos
973 3077 1006 3132 P.
1051 3080 1083 3130 15
1104 3090 1169 3130 eon·

155 3146 207 3201 lati
225 3148 257 3203 P.
284 3147 362 3204 misit
379 3165 429 3204 om.
449 3148 481 3203 P.
529 3153 562 3203 1e
581 3165 700 3218 poenam
719 3165 828 3218 quoque
847 3147 974 3217 profecto
993 3149 1026 3202 P.
1079 3151 1112 3200 18
1131 3146 1169 3200 ad

155 3217 350 3274 huiuscemodi
370 3219 404 3275 P.
433 3223 464 3274 et
481 3219 508 3273 h.
527 3225 555 3274 τ.
610 3225 645 3273 20
663 3219 747 3274 illaec
767 3220 801 3274 P.
828 3218 880 3273 illa
898 3221 928 3273 et
945 3219 982 3272 A.
1035 3223 1069 3271 22
1088 3231 1168 3285 prae-

155 3287 285 3344 dixerant
299 3306 363 3344 eum
377 3307 434 3345 non
448 3288 587 3346 eiusmodi
601 3290 783 3356 adsertorem,
798 3289 846 3344 sed
860 3291 892 3343 ut
905 3289 1045 3343 vindicem
1057 3302 1167 3356 quoque

135 3359 244 3426 -patris
262 3360 387 3414 futurum
405 3367 433 3416 τ.
458 3361 584 3416 similiter
604 3360 638 3414 P.
680 3366 715 3414 24
734 3359 817 3414 dietis
836 3376 885 3415 om.
908 3360 976 3416 r.P.
1014 3362 1047 3413 25
1067 3374 1084 3412 a
1102 3355 1167 3411 Phi·

154 3428 232 3498 lippo
253 3430 287 3482 P.
315 3430 419 3486 mereri
437 3430 574 3486 eiusmodi
593 3430 659 3488 RP.
687 3430 718 3484 in
737 3430 900 3485 memoriam
919 3428 1045 3485 eiusdem
1063 3426 1099 3482 A.

245 3499 293 3622 llll).
319 3507 353 3555 27
372 3501 430 3556 iam
448 3500 519 3556 moti
538 3499 664 3556 P.Mos'².
693 3503 739 3571 (ex
760 3501 828 3570 Ἠ).
857 3501 945 3555 amoti
963 3501 1000 3555 A.
1054 3503 1089 3554 28
1109 3514 1169 3554 esse

155 3583 205 3623 eut.
224 3575 252 3622 Τ.
287 3611 293 3624 .
