2648 3924
485 227 603 284 Adrus
621 228 846 286 ALEXANDRI.
1117 227 1159 292 93

149 392 333 459 Alexander
352 391 438 475 ades,
461 391 518 476 qui
541 392 620 456 adeo
638 389 776 455 nihilum
794 411 943 456 reverens
962 390 1067 456 nostri
1085 385 1160 455 con·

148 480 361 554 fidentissime
380 479 558 566 loquerist'
581 501 774 564 responsum
793 479 918 566 accepit
941 501 1010 544 sese
1032 478 1164 564 quidem.

147 569 386 635 internuntium
409 589 490 654 esse,
512 569 598 633 enim
620 589 679 652 pro
698 567 771 653 ipso
789 566 976 632 Alexandro
1000 569 1049 633 uti
1070 589 1160 652 prae·

150 662 241 723 sente
265 657 356 743 loqui
379 661 538 741 oportere.
584 655 719 740 Accepit
741 655 822 722 haee
844 655 964 720 Darius
988 654 1077 721 dicta
1099 657 1160 721 cle-

147 746 289 812 mentius
314 748 355 828 et,
379 743 578 830 ‘Quoniam'
602 744 718 829 inquit,
744 742 844 810 ‘more
867 743 1041 830 legationis
1064 744 1159 809 huius
1173 763 1205 812 5.

145 857 186 900 ne
209 833 395 899 Alexander
418 832 549 919 quidem
573 855 664 898 secus
686 833 880 917 honoratur,
904 832 945 897 ad
969 832 1161 898 sacrificium

145 923 222 987 hinc
255 945 292 988 ac
320 922 470 1009 deinceps
500 922 542 987 ad
570 921 754 987 convivium
782 921 1030 986 convertamur?
1080 919 1162 987 Post

146 1013 227 1076 haec
253 1011 339 1076 dicta
365 1033 437 1075 eum
464 1032 578 1075 manus
603 1033 660 1075 rex
684 1007 870 1076 Alexandro
896 1008 1162 1094 adprehendisset

79 1171 80 1175 ,
148 1105 247 1183 atque
274 1101 308 1164 in
337 1100 461 1184 regiam
488 1100 628 1184 ingressi
651 1098 772 1182 forent,
800 1098 833 1162 id
861 1120 987 1183 quoque
1015 1098 1079 1163 sibi
1107 1119 1161 1162 au-

148 1189 273 1272 spicato
303 1187 375 1252 fieri
403 1187 588 1252 Alexander
614 1187 794 1256 arbitratus
824 1190 887 1270 est,
917 1185 1003 1271 quod
1031 1187 1200 1252 volentem

146 1297 224 1362 rege
242 1276 277 1339 in
297 1276 366 1341 eius
380 1277 505 1361 regiam
519 1275 744 1341 deducebatur.
780 1273 886 1361 Igitur
904 1276 962 1341 ubi
980 1279 1108 1359 tempus
1162 1280 1223 1338 XV.

147 1363 303 1430 coenandi
325 1364 397 1448 fuit,
420 1385 538 1448 rexque
558 1364 708 1429 accubuit
727 1365 889 1449 ceterique
913 1363 1088 1429 secundum
1112 1385 1162 1428 or·

148 1453 255 1518 dinem
280 1451 460 1539 dignitatis,
482 1455 519 1517 ut
540 1452 608 1516 illis
631 1474 702 1517 mos
726 1455 805 1536 erat,
829 1453 1027 1536 discubuere,
1053 1451 1162 1518 adver-

147 1563 219 1606 sum
249 1545 360 1606 tamen
388 1539 526 1605 Darium
555 1562 690 1606 coenare
721 1540 922 1605 sedentarius
952 1541 1058 1605 iussus
1087 1541 1162 1606 Ale-

146 1629 270 1694 xander
293 1629 416 1696 honore
436 1630 537 1715 legati
556 1630 700 1694 omnium
718 1629 830 1694 oculos
853 1629 889 1692 in
912 1650 946 1693 se
969 1627 1063 1692 facile
1086 1649 1202 1694 con-15

147 1718 306 1782 vertebat.
357 1718 563 1801 Quamquam
588 1718 674 1782 enim
704 1717 795 1783 brevi
823 1737 957 1801 corpore
986 1738 1090 1802 neque
1120 1717 1179 1782 ad-

148 1805 314 1870 Persicam
337 1805 595 1892 magnitudinem
617 1807 794 1872 haberetur
816 1842 861 1852 —
883 1805 1028 1892 plerique
1056 1804 1161 1870 ferme

149 1893 342 1959 auctiusculi
367 1897 442 1960 sunt
461 1931 517 1974 -,
542 1897 655 1961 tamen
682 1900 715 1960 et
737 1895 793 1959 filo
817 1894 883 1960 oris
907 1898 940 1960 et
963 1894 1162 1983 reliquorum

148 1982 368 2048 membrorum
396 1983 462 2049 situ
490 1983 690 2049 admirabilis
717 1983 898 2050 visentibus
925 1986 1003 2049 erat.
1055 1981 1164 2069 Igitur

148 2070 297 2136 convivio
326 2071 392 2136 iam
426 2072 619 2155 procedente
653 2071 813 2138 'eiusmodi
843 2071 919 2156 quid
952 2071 1059 2137 tacere
1088 2072 1162 2137 Ale·
1176 2093 1202 2133 ao

148 2158 308 2224 xandrum
327 2160 422 2225 subit.
458 2160 615 2226 Poculum
639 2161 734 2245 enim,
756 2163 794 2225 ut
815 2160 965 2243 quodque
989 2160 1029 2225 ad
1053 2160 1162 2224 biben·
1192 2207 1197 2215 -

149 2246 225 2312 dum
253 2252 434 2333 acceperat,
461 2249 518 2313 ubi
546 2249 744 2331 strinxisset,
771 2268 829 2313 vas
856 2247 963 2331 ipsum
991 2248 1026 2312 in
1055 2249 1161 2312 sinum

150 2336 211 2401 sibi
245 2336 381 2402 condere
405 2341 511 2422 'atque
549 2341 586 2403 ut
622 2336 791 2422 proprium
824 2337 975 2419 coeperat
1007 2334 1161 2402 detinere.

150 2424 243 2501 Quod
265 2426 322 2490 ubi
345 2447 364 2489 a
387 2427 544 2490 ministris
567 2427 638 2509 regi
661 2429 713 2490 est
731 2423 921 2506 indicatum,
943 2423 1105 2488 incertum
1127 2425 1161 2488 id

149 2514 344 2578 damnumne
363 2535 405 2578 an
424 2514 654 2579 contumeliam
672 2516 763 2578 ratus
786 2511 1019 2597 insurgensque
1040 2509 1160 2578 Darius
1175 2534 1201 2574 25

150 2600 313 2686 ‘Ecquid'
335 2603 450 2685 inquit,
474 2600 553 2667 ‘hoe
576 2605 634 2685 est,
658 2601 744 2686 quod
767 2600 884 2685 pocula
901 2599 964 2665 hoc
982 2599 1162 2666 furatrinae

150 2709 266 2774 genere
290 2689 471 2757 avertistil'
513 2689 576 2756 Sed
598 2690 656 2755 ubi
679 2689 718 2755 de
741 2692 834 2755 motu
855 2689 1000 2774 corporis
1019 2689 1162 2754 Alexan-

149 2777 206 2843 der
233 2778 407 2864 intellexit,
437 2778 514 2865 quid
540 2779 575 2844 in
597 2779 698 2844 Dario
722 2777 914 2843 mobilitatis
943 2778 1043 2845 animi
1069 2779 1163 2862 foret,

152 2867 268 2932 -hac
287 2867 374 2932 enim
393 2889 547 2934 excausa
566 2867 598 2933 id
617 2868 789 2935 consilium
809 2867 1045 2953 exsequebatur
1059 2867 1161 2932 -Ὃ

149 2953 232 3040 rex,'
261 2955 322 3038 ait,
349 2955 490 3032 ‘morem
512 2963 603 3023 ratus
630 2957 684 3022 hic
707 2977 834 3042 quoque
857 2954 1035 3029 Alexandri
1057 2956 1162 3022 nostri
1176 2981 1202 3022 aa

150 3045 274 3108 servari
302 3043 351 3130 id,
378 3044 464 3128 quod
497 3046 583 3130 apud
614 3048 744 3112 nostros
778 3045 965 3129 didiceram,
994 3048 1162 3110 exsecutus

151 3153 235 3216 sum,
260 3133 378 3217 quippe
402 3133 453 3198 illi
474 3134 680 3200 liberalitatis
699 3133 780 3200 haee
798 3133 904 3199 forma
927 3138 984 3218 est,
1008 3134 1057 3198 uti
1075 3132 1162 3216 prin·

239 3382 440 3446 rresponsum
459 3378 518 3434 Mr.
542 3377 711 3448 respondam
731 3377 765 3432 P.
844 3380 955 3432 umore
972 3376 1080 3447 scripsi.
1103 3392 1162 3431 mo·
1254 3370 1258 3377 '

149 3463 208 3501 rem
232 3446 266 3503 P.
340 3453 409 3503 dne
431 3449 496 3505 add.
520 3449 621 3504 Eberb.
700 3449 929 3504 'leonvertamur
953 3449 1012 3503 Mr.
1040 3452 1162 3504 reverta·

149 3518 269 3644 pppisPP.
315 3523 347 3573 18
366 3519 414 3574 filo
432 3519 489 3574 Mr.
518 3519 576 3574 filio
598 3519 632 3576 P.
696 3523 731 3574 24
749 3537 767 3575 a
784 3517 920 3575 ministris
939 3519 998 3574 Mr.
1027 3519 1064 3574 ad
1081 3518 1162 3591 mini·
1212 3594 1216 3598 ι
