2646 3934
256 197 432 254 EPISTOLA
450 197 667 252 ALEXANDRI
684 197 735 252 An
755 198 1019 256 ARISTOTELEM.
1077 199 1139 263 191

131 362 283 444 cuiquam
307 381 377 424 esse
400 362 453 424 tot
474 360 639 444 prodigia,
666 360 729 425 nisi
758 361 903 426 subiecta
932 362 1032 426 oculis
1061 362 1140 426 meis

129 451 200 534 ipse
214 450 303 532 prius
323 453 439 514 cuncta
453 448 725 532 ponderavisrem.
757 447 841 514 Mira
859 452 910 514 est
927 453 1024 533 terra,
1043 472 1140 534 quau·

129 543 201 602 tum
231 541 287 601 aut
314 538 473 602 bonarum
503 559 610 602 rerum
638 537 745 620 pariat
778 540 835 602 aut
866 538 1039 622 malarum,
1067 559 1141 603 oon-

130 625 319 710 templatrix
343 629 376 689 εὴ
397 627 527 708 pariens
550 625 683 710 publica
705 627 881 710 figurarum
909 648 946 690 ac
969 627 1141 710 fructuum,

130 714 400 797 metallorumque
420 717 517 798 atque
536 713 733 779 animalium.
767 713 855 790 Quae
875 714 903 779 si
922 715 1031 779 omnia
1045 714 1171 781 liceats

130 802 250 866 intueri
273 801 413 884 homini,
440 803 494 866 vix
523 802 696 867 suffectura
724 807 774 867 tot
798 802 1011 868 varietatibus
1034 824 1142 866 rerum

130 893 202 975 ipsa
226 890 414 955 crediderim
436 890 579 956 nomina.
626 889 689 956 Sed
717 911 777 976 ego
807 890 845 954 de
872 891 939 976 his,
967 912 1049 974 quae
1076 891 1140 973 pri·

130 1001 217 1043 mum
239 978 386 1062 cognovi,
409 979 543 1063 eloquar
567 979 700 1043 daturus
724 1001 868 1063 operam,
888 1001 929 1043 ne
953 983 1009 1044 aut
1031 978 1142 1043 fabula

132 1070 188 1133 aut
214 1067 304 1151 turpi
332 1067 501 1131 mendacio
530 1066 647 1151 dignus
676 1067 807 1132 efficiar.
853 1067 963 1132 Etiam
991 1071 1141 1132 naturam

131 1156 233 1218 animi
257 1155 330 1239 mei,
353 1176 424 1219 cum
444 1154 545 1218 fueris
563 1159 761 1239 praeceptor,
783 1177 850 1221 non
873 1156 1014 1240 ignoras,
1039 1156 1141 1220 solere
1156 1183 1182 1222 1o

131 1265 182 1309 me
212 1243 387 1307 terminum
419 1244 593 1326 aequitatis
625 1244 785 1309 custodire
811 1249 844 1309 εὴ
868 1245 996 1328 parcius
1024 1243 1142 1322 omnia,

132 1353 228 1414 quam
259 1335 352 1415 gesta
383 1335 471 1409 sunt,
501 1331 599 1414 loqui.
645 1331 690 1396 Et
718 1353 803 1396 nunc
834 1354 945 1415 spero,
975 1332 1060 1416 quod
1090 1352 1141 1397 co-

132 1421 260 1505 gnoscis
290 1419 372 1483 nihil
405 1441 455 1482 mc
485 1422 654 1502 tamquam
686 1423 870 1504 captantem
902 1421 1142 1503 iactantemque

131 1509 269 1593 gloriam
288 1507 422 1571 militiae
440 1511 574 1571 nostrae
593 1529 747 1573 asserere.
784 1507 873 1584 Quae
891 1509 1015 1572 utinam
1035 1509 1141 1572 minus

130 1597 294 1662 laboriosa
320 1595 415 1661 nobis
442 1616 501 1659 nac
527 1598 579 1659 tot
603 1595 699 1659 rebus
728 1596 984 1678 experimentata
1011 1616 1142 1660 neccsse
1157 1623 1181 1665 rs

132 1689 218 1749 esset
247 1703 447 1768 cognoscere.
496 1683 569 1768 Ago
599 1684 722 1768 gratias
750 1683 962 1749 Macedonum
991 1685 1142 1748 iuvenum

131 1772 244 1836 virtuti
264 1775 297 1835 et
315 1772 436 1837 invicto
457 1771 610 1836 exercitui
628 1779 751 1856 nostru,
771 1772 878 1856 quiin
898 1794 970 1836 mea
984 1773 1143 1856 patientia

130 1865 433 1945 perseveraverunt,
459 1862 496 1924 ut
524 1881 580 1924 rex
607 1880 719 1944 regum
750 1862 940 1944 appellarer.
986 1859 1056 1936 Quo
1080 1861 1142 1924 tibi

130 1971 202 2013 meo
226 1949 324 2013 titulo
348 1949 448 2014 misso
475 1948 591 2012 laetari
617 1952 664 2026 tc,
692 1948 1084 2033 carissimepraeceptor,
1113 1949 1141 2013 si

131 2037 252 2118 dubito,
276 2036 436 2120 delinquo,
460 2040 493 2101 et
512 2059 531 2100 a
551 2059 624 2100 mea
646 2041 767 2122 tuaque
785 2036 909 2121 piciclo
929 2039 1054 2120 aberro,
1077 2037 1141 2100 nisi
1156 2067 1182 2106 ao

129 2125 200 2209 tibi,
223 2128 260 2189 ut
284 2125 480 2209 Olympiadi,
503 2125 600 2188 matri
624 2146 723 2207 meae,
747 2126 975 2209 sororibusque
998 2125 1079 2189 meis
1104 2126 1142 2189 de

132 2213 268 2297 singulis
297 2214 390 2296 regni
420 2213 484 2276 mei
516 2213 694 2277 commodis
724 2213 880 2296 scribam,
905 2235 993 2296 ¹quae
1022 2213 1083 2276 tibi
1111 2217 1143 2276 et

130 2300 196 2363 illis
217 2300 402 2364 communia
420 2322 490 2364 esse
510 2300 695 2384 arbitrator,
713 2300 810 2383 idque
828 2301 892 2365 nisi
906 2301 1030 2384 feceris,
1048 2301 1141 2381 [non]

130 2409 246 2470 parum
270 2387 427 2451 danobis
452 2387 641 2470 simpliciter
663 2388 806 2452 iudicare
829 2388 972 2454 videris„

219 2474 385 2540 Prioribus
413 2475 532 2538 litteris
558 2475 811 2558 significaveram
836 2477 898 2540 tibi
926 2476 964 2540 de
994 2476 1071 2540 solis
1095 2476 1141 2540 lu·
1156 2508 1182 2548 25

130 2583 253 2648 uaeque
282 2563 394 2646 eclipsi
417 2566 449 2627 εὴ
473 2562 511 2626 de
540 2564 725 2628 constantia
753 2565 894 2629 siderum
923 2565 1069 2648 a'c'risque
1093 2564 1142 2628 in-

130 2651 232 2736 diciis,
255 2673 338 2735 quac
357 2653 464 2716 omnia
487 2673 552 2716 non
577 2651 646 2715 sine
664 2673 785 2738 magna
808 2674 885 2718 cura
909 2653 1056 2716 ordinatu
1080 2653 1142 2717 tibi

129 2741 213 2824 misi,
236 2743 269 2803 εὴ
291 2741 352 2805 has
370 2761 472 2804 novas
491 2739 715 2823 implicaturus
734 2741 888 2806 historias
912 2741 1020 2806 omnia
1045 2741 1141 2806 cartis

220 2912 386 2982 lcuiquam
405 2914 444 2969 Η.
453 2913 487 2968 P.
517 2914 617 2982 cuique
637 2913 702 2970 ω]
740 2912 836 2982 lipsa
855 2913 932 2983 prius
952 2917 1054 2968 cuncta
1071 2932 1140 2985 pon-

130 2984 301 3040 deravissem
311 2984 350 3039 Η.
377 2983 511 3039 vidissem
523 2985 600 3054 prius
616 2987 717 3038 cuncta
726 2983 852 3054 pondera
861 2987 1005 3054 (portenta
1020 2986 1062 3055 V.)
1074 2984 1140 3040 caV.

130 3057 210 3124 mira]
235 3055 392 3110 mirandum
416 3055 455 3109 H.
528 3062 543 3110 3
564 3055 780 3124 contemplatrix
803 3057 832 3108 et
855 3055 997 3125 pereatrix
1016 3056 1047 3110 V.
1077 3073 1141 3110 con-

128 3126 292 3195 templatrix
306 3126 408 3180 existat
422 3128 450 3180 et
484 3126 623 3181 ariensH.
666 3124 953 3181 stabulacum.
994 3131 1025 3180 12
1044 3127 1141 3198 quam]

129 3213 201 3265 quae
211 3196 245 3251 L.
302 3202 335 3250 14
354 3195 446 3250 minus
495 3196 582 3250 issent
600 3196 639 3250 H.
695 3201 727 3250 15
746 3197 829 3250 rebus
848 3197 998 3254 aV.0.H.
1023 3213 1091 3252 corr.
1111 3198 1143 3251 iu

128 3282 220 3321 rerum
238 3267 271 3323 G.
291 3268 514 3336 experimentato
527 3265 638 3322 ΕΒΔ.
670 3268 700 3320 ta
714 3283 821 3322 aarum
834 3268 866 3321 ia
877 3266 926 3338 (ll.
951 3267 1143 3336 experimenta

132 3337 165 3393 G.
174 3337 298 3394 MM
334 3353 406 3406 quae
422 3339 529 3392 utinam
542 3337 635 3392 minus
666 3336 795 3392 aboriosa
813 3338 894 3392 nobis
916 3338 1025 3402 fuisset,
1044 3354 1079 3391 ne
1098 3338 1143 3391 tot

130 3425 221 3530 rqirlum
230 3407 933 3536 gpaqiqqnanprignqcesseesseqtcoqqoscqrqP,
963 3413 997 3532 1}
1009 3407 1140 3532 ,tliltuloff

130 3495 262 3533 soc.
308 3495 339 3533 ae
372 3497 440 3533 r1c
478 3524 483 3533 .
520 3520 525 3531 .
559 3494 708 3535 ecm.c.
814 3494 965 3532 arrraor
996 3495 1008 3532 c
1039 3493 1142 3531 ee·ar-

129 3547 221 3601 utar
240 3549 323 3606 cora.
360 3550 444 3618 uque
459 3579 493 3590 -
508 3548 610 3605 viceris
629 3565 679 3606 an.
701 3549 735 3603 P.
772 3566 828 3604 non
847 3550 939 3604 aerea
1070 3518 1077 3544 ’
