2622 3932
366 213 511 269 ALTERA
529 213 729 269 RESPONSIO
749 213 904 270 DINDlMl.
1079 215 1141 281 183

132 375 327 459 profitentur
350 380 407 441 aut
429 376 571 441 invidere
595 376 663 454 deo,
688 376 777 441 cuius
800 382 868 440 tam
891 377 1142 461 pulcherrimam

131 465 316 547 vituperant
348 468 537 530 creaturam.
589 463 678 530 Haeo
707 464 827 530 iudicio
858 486 930 529 meo
961 465 1141 530 dementiae

131 552 241 636 potius
266 574 362 638 quam
386 551 612 636 philosophiae
636 553 876 618 adnumeranda
900 556 985 618 sunt

397 922 511 987 Altera
533 922 696 1005 responsio
720 920 872 989 Dindimi.

219 1062 301 1148 Nos,
329 1065 434 1148 inquit
458 1064 645 1146 Dindimus,
667 1085 734 1129 non
758 1086 869 1128 sumus
892 1065 1020 1130 incolae
1042 1065 1138 1130 huius
1157 1087 1170 1129 s

130 1152 251 1235 mundi,
266 1153 321 1217 sed
337 1153 488 1235 advenae,
502 1174 560 1216 neo
575 1152 622 1216 ita
641 1152 675 1216 in
690 1153 800 1218 orbem
813 1156 972 1216 terrarum
985 1155 1140 1239 venimus,

129 1245 167 1304 ut
191 1241 225 1304 in
251 1263 289 1304 eo
314 1241 415 1304 libeat
440 1241 629 1323 consistere,
655 1240 711 1304 sed
735 1240 883 1306 transire.
926 1240 1138 1325 Properamus

129 1329 215 1392 enim
239 1330 279 1393 ad
302 1328 419 1393 Larem
442 1329 585 1411 patrium
607 1327 705 1393 nullis
730 1328 918 1394 delictorum
941 1330 1138 1414 ponderibus

131 1417 298 1502 degravati
326 1439 386 1482 nec
415 1419 450 1480 in
478 1416 641 1500 aliquibus
668 1416 892 1481 illecebrarum
920 1419 1138 1484 tabernaculis

129 1510 366 1570 commorantes
407 1527 467 1569 nec
507 1505 706 1589 flagitiorum
747 1506 949 1588 cauponibus
993 1507 1138 1591 obligati.
1154 1529 1179 1571 ro

129 1591 222 1658 Nihil
247 1594 333 1658 enim
356 1593 541 1658 indecorum
564 1615 670 1677 poena
693 1593 910 1677 contegimus,
938 1595 1028 1660 nulla
1051 1596 1137 1679 cupi-

131 1682 266 1746 ditatum
287 1681 374 1746 furta
393 1682 598 1766 provectibus
619 1683 826 1764 occultamus,
846 1681 964 1766 quippe
980 1683 1035 1767 qui
1053 1683 1138 1748 nuda

129 1769 346 1836 eonscientiae
365 1770 470 1835 fronte
489 1770 724 1854 progredimur,
747 1775 784 1834 ut
806 1770 946 1853 expediti
970 1792 1008 1836 ac
1025 1771 1137 1837 faciles

129 1859 271 1942 spatium
300 1859 460 1943 propositi
490 1860 698 1923 decurramus
729 1851 862 1922 itineris.
911 1858 997 1924 Deos
1029 1863 1136 1924 autem

128 1968 189 2011 nos
213 1968 372 2012 essenon
396 1948 544 2029 dicimus,
571 1969 630 2012 nee
653 1946 868 2012 immensitati
891 1948 1039 2014 coelestis
1063 1971 1136 2032 ope·
1152 1971 1177 2014 ro

127 2035 182 2113 ris,
205 2039 242 2099 ut
264 2036 449 2120 insimulas,
472 2036 629 2100 invidiose
652 2035 861 2118 detrahimus,
885 2036 939 2100 sed
964 2038 1137 2102 asserimus

128 2123 275 2189 bonitate
305 2146 364 2189 nos
395 2125 446 2188 dei
475 2145 541 2188 non
571 2124 656 2188 male
689 2125 745 2188 uti.
798 2124 867 2189 Nec
900 2125 1008 2189 omnia
1040 2125 1137 2190 licere

129 2233 185 2276 seu
208 2213 320 2277 decere
343 2213 523 2297 firmamus,
551 2213 606 2277 sed
630 2233 682 2295 ea,
706 2233 787 2295 quae
810 2212 959 2276 voluutas
984 2212 1047 2276 sibi
1068 2214 1137 2277 vin-

128 2300 215 2365 dicat
233 2300 413 2383 honestate,
437 2302 623 2384 plerumque
645 2320 799 2384 rogamus
824 2297 1003 2364 admittere.
1049 2299 1136 2365 Deus

129 2389 216 2453 enirn
234 2411 342 2455 rerum
357 2390 504 2455 conditor
519 2390 624 2453 varias
645 2387 768 2471 species
783 2387 937 2452 formavit
955 2387 989 2451 in
1009 2389 1135 2470 mundo,
1151 2413 1177 2454 so

127 2478 204 2561 quia
231 2478 415 2542 nullatenus
438 2479 567 2561 poterat
589 2477 659 2541 sins
682 2497 793 2540 earum
818 2475 1005 2542 diversitate
1033 2477 1137 2542 subsi-

127 2569 223 2648 stere,
236 2589 371 2651 quarum
387 2588 480 2630 usum
495 2566 636 2629 humano
646 2565 796 2649 permisit
810 2565 945 2628 arbitrio
955 2564 1136 2629 discernen-

127 2654 210 2720 dum.
227 2654 380 2738 Quisquis
395 2675 471 2740 ergo
483 2653 695 2719 deterioribus
706 2653 833 2718 omissis
844 2654 976 2717 meliora
986 2657 1137 2737 sectatur,

218 2868 231 2915 1
257 2863 436 2933 profitentur]
470 2879 526 2918 non
557 2862 724 2930 profitentur
757 2862 791 2918 Β.
837 2861 965 2916 invident
998 2862 1137 2918 Bisseeus.

216 2939 232 2987 9
250 2936 428 3003 praegravati
440 2933 472 2989 P.
508 2933 583 2987 inR.
601 2950 652 2988 om.
671 2939 719 2988 eet.
766 2938 798 2986 11
818 2933 892 2986 enim
911 2949 960 2988 om.
972 2933 1007 2987 B.
1027 2932 1137 2986 indeco-

125 3019 186 3056 rum
197 3001 233 3058 R.
259 3003 325 3058 inde
345 3021 440 3059 eorum
459 3009 505 3059 cet.
532 3004 674 3074 poenaL.
694 3009 830 3073 poneret.
872 3003 1046 3072 contegimus
1064 3003 1135 3059 LP.

126 3073 314 3144 contingimus
324 3075 360 3130 R.
387 3074 555 3144 contigimus
567 3076 601 3130 B.
641 3080 673 3127 12
691 3075 873 3143 proventibus
883 3074 918 3129 R.
947 3073 998 3126 sub
1012 3071 1136 3128 vestibus

125 3145 266 3200 Bissaeaa.
293 3145 411 3202 nudiB.
450 3152 482 3200 13
501 3149 534 3199 ut
552 3145 628 3199 LR.
655 3148 684 3198 ct
704 3144 777 3198 P.B.
821 3150 854 3198 14
873 3143 1044 3198 decurrimus
1063 3143 1136 3199 RB.

127 3218 160 3268 15
179 3215 244 3286 nos]
263 3233 318 3271 non
332 3216 368 3270 B.
397 3218 510 3271 coelesti
525 3215 559 3268 L.
606 3221 638 3268 16
656 3215 806 3284 invidiose]
825 3212 933 3268 invidia
945 3213 981 3268 B.
1030 3220 1062 3269 17
1081 3231 1138 3270 non

126 3301 176 3339 om.
192 3285 230 3342 R.
255 3303 309 3341 non
329 3289 402 3342 male
420 3304 477 3342 non
491 3287 525 3340 L.
551 3286 614 3408 neq
634 3301 689 3339 non
704 3285 736 3339 L.
809 3290 842 3338 18
862 3301 911 3338 seu
929 3285 1041 3352 scripsi;
1059 3302 1088 3339 se
1103 3285 1137 3343 L.

126 3356 173 3410 sed
186 3356 218 3411 P.
243 3358 345 3412 scimus
366 3359 414 3412 sed
430 3358 461 3412 V.
485 3360 514 3412 et
531 3357 566 3410 B.
613 3357 684 3410 icere
695 3355 729 3410 Β.
787 3361 819 3409 19
839 3355 987 3409 admittere
998 3355 1135 3414 Bisaorae.

125 3427 285 3481 ammittere
296 3429 329 3484 L.
350 3429 477 3484 amittere
492 3433 539 3484 cet.
576 3433 607 3482 21
625 3425 890 3494 quia-subsistere
904 3442 953 3480 om.
964 3426 999 3482 B.
1037 3432 1071 3480 22
1086 3428 1136 3481 hu·

125 3513 239 3621 nqpnutrp
258 3501 404 3623 ppaemisit
422 3499 568 3555 arbitrium
587 3499 620 3554 L.
706 3503 740 3552 23
760 3495 869 3551 omissis
888 3496 964 3553 RB.
993 3497 1082 3552 omnis
1102 3498 1136 3554 L.

125 3582 206 3622 arec
230 3587 243 3618 s
288 3611 295 3625 .
