2646 3934
167 191 231 258 196
286 191 464 247 EPISTOLA
481 192 696 248 ALEXANDRI
715 193 765 248 AD
783 191 1051 248 ARISTOTELEM.

132 355 321 440 'Angebat
354 359 462 420 autem
490 355 597 440 magis
627 377 687 438 pro
717 355 815 420 mutis
849 355 1043 420 animalibus
1081 377 1179 441 quam

164 466 225 530 pro
248 447 362 508 nostra
383 445 586 527 necessitate,
610 443 841 508 durabiliorem
864 443 1029 508 hominem
1053 445 1177 509 cunctis

165 534 201 597 in
223 532 320 597 rebus
343 551 544 616 cognoscens
572 554 670 616 quam
697 532 861 616 pecudem.
903 530 1030 616 Quippe
1053 554 1179 597 mecum

167 623 267 704 erant,
288 619 344 705 qui
363 643 477 686 aurum
495 620 667 705 vehebant,
685 621 873 705 elephantes
892 619 1035 705 ingentis
1054 622 1178 704 magni-

140 708 289 774 studinis
309 709 481 774 admodum
499 709 595 794 mille,
615 709 870 794 quadringentae
889 709 1063 794 quadrigae
1082 731 1180 792 equo-

166 820 252 880 rum,
282 819 394 863 omnes
419 796 571 882 falcatae,
597 797 694 882 bigae
722 797 812 862 mille
835 798 1005 880 ducentae,
1033 799 1178 882 equitum

165 889 294 952 turmae
316 887 453 972 triginta
476 886 576 970 milia,
601 887 746 969 peditum
769 890 916 950 trecenta
940 886 1178 971 quinquaginta

166 975 272 1059 milia,
305 976 467 1039 mulorum
498 975 714 1039 castrensium
744 975 943 1040 subarmalia
972 978 1005 1039 et
1035 975 1179 1040 sarcinas

166 1064 308 1130 militum
338 1064 378 1128 ad
406 1062 569 1128 vehendas
598 1063 726 1128 circiter
753 1063 816 1128 duo
846 1062 953 1149 milia,
983 1063 1179 1128 camelorum

127 1176 152 1216 10
167 1152 356 1218 dromedum
381 1155 414 1216 11
436 1152 535 1217 boum
561 1151 752 1236 duomilia,
780 1151 834 1237 qui
861 1152 1061 1216 frumentum
1083 1153 1179 1217 vehe-

166 1242 260 1326 bant,
290 1245 323 1305 et
352 1243 572 1305 armentorum
598 1239 638 1304 ad
664 1261 758 1304 usum
784 1241 892 1305 carnis
920 1239 1101 1305 cotidianae
1130 1241 1179 1305 in-

167 1347 248 1415 gens
279 1349 434 1393 numerus
466 1329 669 1412 sequebatur.
719 1327 871 1394 Ueterum
903 1329 938 1392 in
964 1331 1054 1412 equis
1083 1334 1116 1395 et
1143 1330 1178 1395 in

167 1417 265 1482 mulis
288 1421 322 1480 et
344 1417 478 1482 camelis
501 1421 534 1482 11
556 1418 591 1481 in
614 1417 797 1501 elephantis
820 1439 918 1483 aurea
941 1439 1067 1502 quoque
1084 1417 1178 1482 frena

166 1507 261 1571 luxus
288 1528 354 1571 non
377 1528 492 1591 parum
515 1506 610 1572 nobis
634 1507 828 1591 permiserat
849 1506 1067 1570 victoriarum.
1115 1505 1179 1572 Sed

127 1599 245 1661 15111111
263 1596 451 1681 inasperata
473 1595 531 1659 illa
549 1616 668 1680 pecora
686 1596 741 1661 vix
760 1616 794 1659 se
813 1594 977 1659 continere
994 1598 1180 1677 potuerunt.

167 1683 289 1749 Milites
304 1706 431 1769 quoque
445 1704 530 1748 nunc
546 1683 742 1748 ferramenta
755 1683 949 1768 lambiendo,
967 1704 1053 1748 nuno
1072 1681 1179 1749 oleum

168 1773 331 1856 gustando
357 1772 461 1837 diram
488 1772 533 1837 sic
560 1773 669 1856 aliquo
697 1770 794 1836 modo
818 1771 946 1836 differre
970 1772 1058 1836 sitim
1083 1793 1179 1837 cona·

167 1861 296 1927 bantur.
328 1859 478 1925 Vidimus
497 1861 595 1924 etiam
613 1861 785 1945 plerosque
804 1859 926 1944 pudore
946 1861 1066 1926 amisso
1087 1883 1178 1926 suam

166 1950 272 2032 ipsam
286 1948 413 2012 urinam
427 1953 561 2014 vexatos
575 1949 700 2013 ultimis
719 1949 969 2014 necessitatibus
983 1949 1179 2015 haurientes.

127 2060 153 2099 11
168 2036 257 2112 Quae
284 2057 411 2101 resine
435 2036 606 2121 dupliciter
628 2038 734 2104 torsit.
780 2037 889 2103 Primo
918 2038 956 2102 de
980 2042 1069 2103 statu
1092 2059 1180 2102 exer·

167 2125 250 2192 citus
268 2125 373 2211 magis
394 2125 550 2211 quamde
568 2126 702 2210 proprio
720 2147 793 2191 mec
814 2126 976 2192 sollicitus
995 2127 1179 2210 periculo...

166 2213 252 2280 Iussi
277 2218 388 2280 tamen
413 2218 450 2280 ut
475 2215 592 2280 armati
618 2218 827 2299 sequerentur
850 2235 984 2300 agmen,
1009 2216 1179 2300 legemque

166 2303 268 2368 indixi
291 2325 343 2368 me
366 2303 401 2367 in
425 2325 498 2368 eum
522 2325 613 2368 arma
635 2325 817 2385 versurum,
845 2304 901 2388 qui
928 2326 995 2369 non
1022 2304 1179 2388 legitimis

166 2392 317 2458 inductus
342 2392 525 2477 insignibus
551 2392 587 2456 in
614 2393 682 2457 acie
707 2391 925 2476 deprehensus
953 2394 1048 2457 11111.
1086 2392 1179 2469 Quod

127 2502 153 2544 11
166 2483 229 2566 ipsi
253 2503 380 2565 quoque
399 2482 611 2565 mirabantur,
634 2479 720 2565 quod
743 2482 790 2546 ita
809 2481 865 2546 ubi
882 2481 989 2545 nullus
1009 2484 1180 2564 appareret

165 2570 288 2653 hostis,
317 2591 449 2636 necesse
480 2573 567 2635 esset
595 2571 629 2633 in
659 2572 751 2635 tanta
782 2569 838 2634 siti
868 2573 1011 2635 armatos
1042 2570 1180 2655 ingredi.

167 2655 229 2722 Sed
263 2679 323 2743 ego
360 2659 502 2724 sciebam
536 2679 595 2741 per
629 2658 774 2724 bestiosa
808 2658 1073 2742 serpentiosaque
1107 2658 1180 2724 loca

255 2927 496 2987 3recognoscenc
510 2919 549 2972 H.
577 2936 687 2973 mecum
705 2921 786 2973 erant
804 2935 853 2975 om.
869 2920 907 2975 H.
946 2920 1044 2991 delep
1045 2920 1126 2975 hanti
1140 2921 1178 2976 H.

167 2991 286 3060 tbigae
305 3005 372 3044 vero
392 2989 431 3044 H.
470 2992 614 3045 'lturmae
633 2989 685 3044 XX
703 2989 795 3058 milia,
813 2991 941 3060 peditum
960 2992 1082 3046 ducenta
1100 2994 1180 3061 quin·

167 3063 304 3132 quaginta
314 3061 370 3115 dno
380 3059 469 3128 milia,
479 3063 530 3115 sub
541 3059 626 3114 armis
636 3061 776 3116 mulorum
787 3063 970 3117 castrensium
981 3063 1020 3117 H.
1065 3068 1098 3117 10
1118 3063 1180 3117 dro-

167 3151 276 3188 morum
293 3133 327 3186 L.
348 3103 588 3187 dromedariorum
605 3131 637 3187 V.
656 3132 876 3201 dromedumquc
891 3133 930 3187 H.
963 3148 1035 3201 quac
1054 3135 1093 3189 H
1124 3135 1180 3188 fru-

167 3208 263 3259 menta
288 3204 323 3257 L.
330 3202 368 3257 H
376 3203 408 3259 P.
483 3207 516 3256 14
538 3219 657 3272 parvum
682 3204 717 3259 L.
749 3205 807 3260 vict
809 3204 870 3258 oria
893 3203 924 3259 V.
950 3204 1071 3260 victoria
1095 3206 1132 3260 B.
1138 3205 1180 3260 M.

169 3279 202 3328 15
229 3273 389 3342 inspectata
412 3289 485 3356 aqua
507 3273 570 3344 ipsa
593 3289 744 3343 pecora-
757 3276 889 3344 poterant
915 3275 946 3328 V.
1051 3282 1083 3332 16
1112 3275 1180 3330 lam

167 3343 260 3398 bando
279 3345 318 3398 H.
362 3349 395 3398 17
415 3345 455 3398 sic
473 3360 523 3399 om.
542 3345 582 3402 H
624 3345 932 3402 211111111111111Η.
975 3347 1121 3416 22113111
1140 3345 1179 3402 H.

168 3419 202 3466 23
230 3429 308 3468 arma
335 3430 479 3469 versurum
512 3435 541 3469 o.
582 3415 840 3472 animadversurum
877 3417 954 3474 VH.
1056 3364 1108 3473 821
1139 3418 1180 3471 in·

168 3481 297 3603 qqqqplquq
315 3484 401 3605 aPrmis
426 3483 736 3556 cernunturque
760 3489 844 3542 armis
866 3488 905 3543 H.
979 3495 1013 3544 26
1033 3487 1126 3544 incedi
1145 3488 1179 3544 L.
