2654 3926
175 215 219 281 60
607 213 755 269 ursani.

175 377 262 442 fame
295 369 448 442 obsessus
481 376 530 441 ita
561 377 787 462 praesentibus
820 378 975 460 consulit,
1009 378 1058 442 uti
1090 399 1190 461 equos

176 466 317 530 militum
342 465 482 531 interfici
510 465 637 531 iuberet
664 468 773 550 eisque
797 466 920 530 milites
943 467 1039 530 vesci.
1080 465 1191 530 Enim-

175 576 252 620 vero
272 576 469 639 quamquam
492 554 525 618 id
549 554 722 619 consilium
740 555 841 618 ferme
866 576 905 618 ex
928 555 1122 620 necessitate
1145 577 1192 619 se-

176 647 358 727 querentur,
380 643 541 708 tumultus
560 647 671 708 tamen
694 646 728 707 et
748 643 932 728 indignatio
952 643 1097 708 omnium
1116 665 1192 708 con-

143 755 156 794 s
178 732 325 818 gruebat,
349 733 450 797 veluti
474 731 580 796 studio
602 731 734 814 factum,
757 734 794 795 ut
816 732 1010 796 necessitate
1029 733 1193 816 praesenti

177 842 250 904 spes
275 822 338 885 sibi
359 820 469 885 futura
486 820 659 884 laberetur.
697 818 802 895 Quare
822 841 895 884 cum
915 820 1020 884 omnis
1039 820 1192 884 militaris

177 909 383 974 observantia
418 908 597 973 solveretur
635 930 739 993 neque
777 908 816 972 ad
851 909 1032 973 custodiam
1062 908 1194 972 solitam

176 998 310 1083 vigiliae
341 1001 513 1081 ceteraque
541 997 653 1061 munia
681 1001 904 1081 servarentur,
933 1018 1000 1070 rex¹
1020 1000 1127 1061 motus
1159 998 1193 1061 in

176 1086 257 1151 haec
280 1087 381 1151 verba
408 1085 629 1150 contionatur:
657 1083 786 1169 ‘Neque
813 1107 864 1149 me
892 1084 991 1169 fugit,
1018 1084 1190 1150 fortissimi
1208 1088 1260 1140 62·

137 1198 163 1237 ιο
177 1174 318 1256 milites,
351 1196 420 1238 rem
454 1173 590 1238 militiae
620 1173 890 1258 necessitatisque
921 1174 1057 1239 bellicae
1087 1175 1193 1259 prima

178 1263 325 1328 subsidia
357 1283 456 1345 equos
492 1262 608 1327 haberi
644 1266 809 1346 oportere,
844 1284 925 1348 quos
960 1283 1021 1348 ego
1053 1262 1194 1327 interfici

178 1351 329 1415 iusserim
353 1354 386 1414 et
410 1350 448 1414 de
471 1372 534 1415 usu
556 1351 614 1416 illo
639 1353 681 1416 ad
706 1351 894 1417 alimoniam
916 1351 1103 1435 victumque
1123 1373 1194 1434 prc-

178 1439 283 1503 ficere.
321 1437 384 1504 Sed
407 1461 479 1504 cum
503 1440 538 1504 in
561 1462 600 1504 ea
617 1462 652 1504 re
672 1441 808 1505 duorum
827 1440 995 1505 nominum
1014 1439 1194 1523 periculum

178 1532 377 1613 versaretur,
409 1533 447 1593 ut
477 1532 535 1593 aut
566 1530 656 1614 equis
695 1530 766 1595 aliti
796 1529 976 1595 viveremus
1013 1529 1070 1591 aut
1105 1526 1194 1591 hisce

139 1637 165 1678 15
180 1618 318 1682 servatis
342 1618 394 1683 vel
417 1618 541 1701 priores
564 1619 617 1682 vel
640 1619 762 1701 pariter
785 1622 1025 1700 oppeteremus,
1048 1618 1194 1680 secutum

179 1727 231 1770 me
253 1705 361 1771 fateor
384 1706 569 1788 consilium,
594 1705 679 1788 quod
702 1728 762 1788 pro
786 1705 945 1770 deteriore
968 1706 1085 1770 melius
1108 1703 1194 1769 vide-

179 1796 283 1859 batur.
337 1793 464 1876 Quippe
499 1814 590 1877 spem
624 1793 719 1856 foveo
759 1792 820 1855 diis
858 1798 974 1876 coepta
1008 1793 1195 1870 iuvantibus

178 1881 264 1960 fore,
290 1880 340 1945 uti
370 1881 606 1962 cumprimum
630 1882 759 1962 gentem
783 1879 927 1962 aliquam
956 1885 990 1944 et
1015 1880 1195 1944 subsidium

179 1967 311 2032 uberius
334 1967 424 2032 nacti
447 1967 616 2050 fuerimus,
640 1988 740 2050 equos
764 1987 891 2050 quoqne
915 1967 1001 2031 haud
1025 1967 1194 2031 deterioris

140 2077 166 2116 ao
181 2077 258 2120 usus
282 2076 397 2139 parare
427 2055 470 2118 sit
491 2055 586 2139 nobis
609 2054 759 2122 facultas.
805 2053 930 2139 Quippe
958 2057 986 2120 si
1009 2075 1081 2139 vos,
1109 2055 1195 2139 quod

180 2165 291 2209 omnes
323 2143 430 2228 superi
460 2143 673 2228 difflaverint,
702 2142 889 2209 detestabili
916 2143 974 2208 illa
1000 2144 1195 2209 necessitate

180 2255 217 2298 ac
235 2232 322 2298 fame
341 2232 465 2297 animas
484 2233 657 2316 poneretis,
676 2233 796 2297 milites
816 2231 947 2317 quidem
965 2232 1103 2298 forsitan
1122 2253 1195 2316 pos-

180 2344 264 2407 sem,
303 2322 359 2386 sed
390 2320 589 2386 Macedonas
627 2322 746 2386 milites
785 2320 918 2385 ubinam
955 2319 1195 2406 repperissem?

180 2409 286 2486 Quare
315 2410 440 2475 animos
467 2409 642 2474 reformate
671 2411 706 2474 in
734 2409 850 2474 melius
875 2410 1034 2494 vobisque
1064 2410 1196 2475 suadete

140 2521 166 2561 ss
179 2500 307 2564 nullum
335 2521 406 2564 esse
429 2502 573 2564 vestrum
602 2499 683 2564 adeo
711 2498 764 2563 sui
792 2503 957 2564 amantem
986 2504 1083 2584 atque
1108 2499 1196 2563 solli·

180 2589 290 2673 citum,
315 2609 411 2673 quem
433 2609 501 2652 non
522 2609 581 2672 pro
606 2609 640 2652 se
664 2609 737 2652 mea
761 2608 835 2652 cura
853 2587 1059 2670 praevertat?
1096 2586 1195 2651 Hisce

181 2677 275 2740 dictis
299 2676 403 2740 sedati
427 2679 519 2740 erant
542 2676 643 2741 animi
662 2676 804 2740 militum
823 2676 1047 2758 revocatisque
1070 2675 1193 2738 viribus

181 2765 221 2827 ad
246 2764 354 2829 officia
377 2764 557 2844 castrensia
580 2786 649 2829 sese
672 2767 911 2830 converterant.
1147 2804 1150 2809 -
1173 2786 1257 2845 ΧῙΝ,

271 2849 329 2917 50.
368 2851 473 2928 Quare
495 2853 653 2935 perculsis
677 2851 827 2936 plurimis
851 2851 1038 2916 civitatibus
1058 2850 1121 2915 iter
1138 2851 1173 2914 in
1200 2860 1246 2911 63.

272 3013 286 3060 1
302 3008 469 3063 obsessusP.
489 3008 649 3064 obsessosr.
670 3006 831 3063 obsessisA.
868 3012 884 3059 2
899 3005 1041 3060 iuberetr.
1049 3006 1083 3061 P.
1098 3004 1196 3060 iubeat

182 3095 250 3136 corr.
263 3078 425 3134 eciubetA.
464 3086 479 3134 3
495 3095 667 3148 quamquam
677 3080 713 3132 ad
723 3078 870 3133 consilium
879 3078 913 3133 P.
932 3075 1053 3132 former.
1068 3078 1194 3132 om.A.P.

182 3157 279 3206 doum
290 3151 357 3204 nP.
376 3149 478 3206 om-A.
516 3156 694 3204 amaomff.
732 3154 765 3203 12
782 3148 910 3220 iusserim
925 3148 993 3204 M.
1013 3147 1147 3202 iusseram
1162 3148 1195 3201 P.

182 3222 216 3275 de
235 3239 287 3276 usu
306 3221 421 3276 illorum
439 3221 497 3275 Mr.
530 3221 710 3288 vinctumque
730 3220 763 3276 P.
811 3224 843 3272 17
863 3217 1025 3273 labantibus
1043 3224 1070 3272 2.
1117 3225 1152 3274 20
1172 3219 1196 3272 si

181 3299 264 3347 voar.
284 3309 353 3348 corr.
372 3309 406 3346 erc
425 3291 533 3346 sivisA.
554 3290 659 3346 sivisP.
705 3297 739 3345 22
759 3306 793 3344 ac
811 3290 919 3346 famer.
938 3289 1051 3344 farneP.
1070 3289 1195 3344 famisA.

181 3368 216 3416 24
230 3363 365 3431 vobisque
375 3364 410 3417 A.
430 3363 510 3418 vobis
523 3363 558 3416 P.
595 3368 629 3416 26
644 3378 727 3431 prose
741 3377 805 3416 mea
819 3377 886 3415 cura
899 3363 1060 3430 praevertet
1074 3361 1128 3429 (tat
1134 3363 1158 3430 t)
1168 3367 1195 3416 2.

180 3447 329 3501 praesumo
348 3451 412 3488 mea
430 3450 497 3488 cura
514 3436 675 3513 praevertet
690 3433 724 3488 P.
779 3449 831 3501 pro
852 3437 932 3486 suffia
950 3447 1017 3487 cura
1035 3433 1198 3501 praevertat

183 3506 240 3570 (ma
257 3504 289 3556 ia
307 3504 404 3572 litura)
424 3503 460 3558 A.
488 3503 539 3558 Hrs
557 3504 589 3559 P.
663 3508 697 3558 28
716 3503 852 3557 castreaia
867 3504 901 3556 P.

272 3571 320 3627 50.
349 3577 382 3627 29
398 3574 568 3642 ρετοοΙείετ.
586 3572 726 3644 percussis
735 3575 768 3629 P.
787 3573 918 3643 persisA.
938 3573 1101 3630 civitatibus
1112 3581 1195 3630 omn.
