2646 3934
352 196 499 252 ALTERA
518 197 720 253 RESPONSIO
739 198 976 261 ALEXANDRI.¹
1102 199 1166 266 185

402 392 517 460 Altera
539 394 703 477 responsio
727 393 913 461 Alexandri.

245 534 294 600 Tu
316 557 401 600 nunc
424 535 497 601 ideo
521 538 554 600 te
578 535 657 602 dicis
680 536 829 620 beatum,
858 536 1065 624 oDindime,
1092 541 1168 624 quia

153 623 187 688 in
211 645 249 688 ea
272 624 384 688 mundi
406 629 499 708 parte
527 625 635 689 sedem
658 625 752 689 vobis
780 628 898 689 natura
923 629 1106 710 constituit,
1134 631 1168 694 in

153 733 217 796 qua
236 733 294 776 nec
314 733 462 778 accessus
485 712 617 778 advenis
636 734 696 778 nec
715 713 819 777 exitus
840 713 985 796 aperitur
999 715 1169 800 indigenis,

153 800 210 864 sed
241 800 385 866 excubiis
416 802 586 885 oppositae
615 801 816 866 difficultatis
846 803 985 888 obsessi,
1015 804 1195 887 quoniame

155 888 257 952 vitare
280 910 346 952 non
370 889 497 973 valetis,
520 893 663 954 vestram
686 890 829 973 patriam
851 891 989 955 laudatis
1014 896 1056 976 et,
1083 893 1169 976 quod

154 975 374 1041 damnationis
402 999 501 1042 causa
526 978 690 1062 petimini,
718 979 938 1044 continentiae
968 980 1075 1045 studio
1104 1002 1168 1045 me-

153 1065 257 1129 ruisse
280 1087 339 1130 vos
362 1065 501 1130 iactatis.
538 1064 652 1149 Itaque
677 1067 851 1132 secundum
875 1075 1017 1132 vestram
1041 1073 1168 1133 senten-

155 1154 235 1217 tiam
263 1157 296 1217 et
324 1153 372 1217 illi
396 1153 485 1218 beati
511 1154 636 1219 dicendi
666 1159 756 1238 sunt,
785 1157 841 1240 qui
869 1157 1034 1241 perpetuis
1061 1158 1170 1221 innexi

154 1241 291 1306 vinculis
316 1243 348 1305 et
372 1239 523 1306 diuturno
549 1243 697 1326 squalore
721 1249 900 1310 marcentes
926 1246 1027 1310 vitam
1051 1267 1169 1329 poena-
1185 1278 1212 1317 10

153 1331 217 1394 lem
243 1329 306 1394 sibi
330 1333 616 1394 consenescentem
639 1331 830 1412 producunt.
866 1331 980 1417 Neque
1004 1335 1090 1398 enim
1109 1335 1171 1399 dis-

156 1422 265 1502 crepat
288 1418 329 1482 ab
353 1418 400 1482 eis
423 1420 533 1483 vestra
556 1417 776 1503 philosophia.
814 1420 900 1484 Nam
923 1423 1017 1486 vobis
1044 1424 1091 1487 ita
1113 1423 1169 1488 bo-

155 1529 272 1572 norum
295 1528 372 1571 usus
396 1506 588 1570 interdictus
612 1510 675 1585 est,
703 1509 740 1570 ut
762 1507 837 1573 illis.
883 1505 1065 1592 Cruciatus‚
1089 1533 1170 1594 quos

155 1594 339 1660 criminosis
355 1595 439 1678 apud
458 1616 518 1659 nos
537 1595 608 1658 iura
628 1599 814 1680 sanxerunt,
832 1595 926 1660 vobis
945 1598 998 1660 lex
1011 1600 1171 1664 naturalis

153 1683 314 1761 adhibuit,
336 1688 368 1748 ct
387 1685 568 1766 praecepta,
593 1704 674 1766 quae
693 1683 785 1749 vobis
806 1685 1024 1750 continentiae
1044 1688 1170 1752 vestrae
1186 1717 1212 1758 15

155 1771 332 1835 necessitas
357 1771 458 1856 dedit,
483 1772 550 1835 illis
575 1793 684 1838 carcer
706 1772 858 1836 instituit
904 1773 957 1838 Ita
979 1775 1031 1859 fit,
1055 1778 1092 1838 ut
1116 1777 1172 1859 qui

156 1881 175 1922 a
198 1859 291 1923 vobis
314 1859 503 1944 philosophi
525 1865 695 1942 vocantur,
722 1861 769 1926 rei
791 1863 1044 1944 pronuntientur
1070 1885 1090 1928 a
1112 1885 1171 1930 ne

155 1947 214 2012 bis.
268 1947 312 2012 Et
342 1969 419 2012 sane
450 1949 603 2013 convenit
632 1953 758 2014 vestras
788 1949 937 2014 miserias
968 1952 1079 2035 potius
1112 1975 1170 2018 vos

155 2038 265 2122 lugere
288 2058 410 2120 proque
434 2038 537 2102 tantis
560 2038 656 2102 malis
681 2037 811 2102 trahere
834 2038 994 2122 profunda
1022 2041 1171 2124 suspiria.

156 2123 241 2200 Quid
271 2125 357 2190 enim
385 2124 552 2210 afflictius,
583 2125 661 2209 quid
691 2126 910 2191 calamitosius
941 2128 1088 2213 homine,
1119 2131 1170 2194 cui
1185 2162 1212 2202 20

155 2212 258 2276 libere
285 2213 415 2278 vivendi
444 2217 566 2298 negata
595 2217 742 2298 potestas
772 2214 844 2278 est?
896 2213 1031 2279 Interim
1061 2217 1172 2300 liquet,

158 2299 235 2382 quid
254 2300 292 2364 de
311 2301 429 2364 vestris
449 2302 593 2366 moribus
612 2301 690 2365 deus
710 2304 824 2366 auctor
842 2305 1069 2387 praesenserit,
1088 2325 1170 2388 quos

155 2387 263 2451 noluit
286 2387 451 2452 Tartareis
474 2392 550 2472 post
573 2387 698 2453 obitum
721 2404 887 2454 reservare
911 2391 1088 2474 suppliciis,
1115 2393 1170 2457 sed

157 2475 251 2541 vivos
273 2475 415 2560 perferre
440 2477 557 2540 statuit
580 2477 724 2561 inopiam
748 2481 965 2561 mortuorum,
993 2502 1089 2564 quam
1113 2503 1171 2545 vos

156 2563 383 2648 philosophiae
410 2566 569 2630 vocabulo
598 2565 683 2630 falso
711 2566 921 2631 concinnatis.
966 2566 1035 2632 Nec
1062 2571 1170 2634 tamen
1186 2607 1212 2647 25

159 2675 198 2717 ex
215 2653 277 2717 hoc
297 2653 413 2736 aliquis
432 2653 525 2719 vobis
544 2653 668 2718 fructus
687 2653 793 2720 laudis
814 2655 1000 2738 acquiritur.
1036 2654 1173 2722 Nullum

159 2741 244 2806 enim
268 2741 400 2806 virtutis
429 2742 582 2806 meritum
610 2745 661 2806 est
689 2743 721 2806 id
744 2743 904 2824 nancisci,
932 2745 1017 2826 quod
1047 2748 1172 2811 mutare

1318 2845 1319 2882 l

249 2985 325 3039 2Tu
348 2986 434 3057 nunc]
459 2987 524 3040 lunc
547 2987 582 3040 L.
614 2988 643 3040 te
667 2985 745 3042 RB.
774 3003 819 3041 me
841 2987 918 3041 L.P.
991 2987 1118 3058 4aperit
1138 2990 1173 3043 L.

159 3057 324 3125 bapposite
343 3057 379 3111 12.
412 3057 545 3125 quoniam
563 3057 640 3114 Ml.
669 3075 752 3124 quam
775 3058 850 3113 P.B.
925 3062 1009 3113 8vos
1028 3075 1079 3114 om.
1098 3059 1173 3116 ΕΒ.

159 3133 192 3180 12
211 3125 274 3252 ital
284 3127 353 3181 item
367 3128 404 3182 Β.
442 3133 475 3181 13
494 3129 539 3182 est
553 3129 586 3182 ut
599 3127 658 3182 illis
673 3127 709 3184 B.
732 3128 810 3183 utilis
825 3131 869 3183 est
883 3135 930 3185 oct.
955 3130 1124 3185 cruciatibus
1138 3131 1173 3185 B.

159 3215 228 3266 quos
276 3197 323 3252 .B.
351 3214 405 3266 que
424 3197 457 3252 P.
484 3198 559 3267 quod
577 3198 613 3252 R.
677 3204 708 3253 ll
728 3201 944 3268 pronuntiantur
962 3200 998 3254 R.
1059 3206 1092 3255 18
1111 3201 1173 3272 vos]

158 3283 209 3321 nos
229 3269 265 3322 R.
321 3273 354 3324 19
374 3284 480 3338 proque
499 3284 596 3324 earum
615 3268 650 3323 R.
708 3275 742 3324 20
762 3269 836 3336 Quid
855 3271 929 3324 enim
948 3270 983 3325 R.
1010 3269 1079 3338 quid
1098 3271 1172 3326 ΕΒ.

159 3339 234 3407 quod
259 3338 293 3391 P.
385 3345 418 3392 21
441 3338 555 3392 Interim
579 3338 671 3407 liquet
693 3340 728 3394 R.
761 3341 873 3396 interim
898 3340 972 3398 ΕΡ.
1006 3342 1110 3395 arbiter
1133 3341 1174 3394 in-

161 3427 246 3478 quam
263 3409 299 3463 B.
398 3415 433 3463 24
451 3409 524 3465 vivis
542 3409 576 3464 L.
613 3409 750 3481 inopiam]
770 3411 909 3480 supplicia
926 3410 961 3464 L.
1057 3417 1090 3464 25
1110 3427 1174 3465 con-

160 3479 308 3535 cinnantes
327 3479 362 3534 R.
425 3486 460 3535 26
479 3480 634 3548 acquiritur
653 3482 688 3536 P.
717 3481 871 3550 exquiritur
889 3488 935 3536 cet.
997 3486 1031 3534 27
1050 3478 1176 3535 nancisci

160 3549 238 3606 RB.
267 3551 345 3607 nasci
363 3551 397 3606 L.
406 3550 439 3606 P.
