2650 3920
197 175 261 241 150
613 175 720 228 uinus
738 172 785 228 iu.

196 337 250 402 sed
274 357 408 402 corusco
432 337 491 401 sub
511 337 641 420 lumine,
664 341 701 401 ut
724 337 752 401 si
775 341 934 424 conventu
953 336 1109 400 nebuloso
1128 358 1204 402 vera

193 426 333 509 primum
364 426 602 490 occurrentium
632 425 884 502 confundantur,
916 427 986 488 tum
1018 425 1114 489 etiam
1147 426 1205 496 eir·

195 514 418 579 cumsistentia
447 517 534 579 tecte
563 514 704 597 undique
735 512 1037 597 consplendescere,
1070 517 1102 576 et
1132 536 1202 578 cum

193 602 245 665 his
278 624 343 666 una
373 603 490 667 erescit
525 603 622 666 turbe
655 602 833 666 formarum
867 604 899 664 et
931 622 1078 664 murmur
1114 623 1204 684 prae·

167 691 334 756 ssentium
361 695 536 774 usurpatur
564 694 597 753 et
624 690 662 753 fit
688 711 821 773 prorsus
848 710 947 752 unum
976 688 1037 751 diis
1064 688 1204 752 homini-

193 780 317 865 busque
351 780 545 846 convivium.
600 777 662 840 Hic
697 777 806 842 animo
839 775 990 841 confusus
1022 777 1203 840 reverentia
1222 786 1266 839 67.

194 869 304 933 debita
337 868 523 933 Alexander
556 865 732 950 trepidare3
769 867 888 949 quippe
922 864 1063 929 intuenti
1094 863 1202 929 videre

120 977 122 981 ·
193 957 258 1020 iam
282 957 400 1022 elarius
429 959 500 1021 erat
522 955 670 1017 flammas
694 955 850 1038 quasdam
879 975 917 1018 ex
945 953 1046 1017 oeulis
1070 949 1200 1018 deorum
1279 957 1280 960 ’

194 1045 466 1109 discumbentium
498 1042 717 1124 promicantes
754 1042 912 1127 prodique
947 1041 1089 1126 effigies,
1122 1065 1202 1126 quas

153 1153 179 1191 ro
192 1134 278 1197 haud
298 1133 393 1197 dubie
412 1131 537 1196 divinas
558 1152 628 1194 esse
646 1132 698 1194 vel
717 1130 923 1195 brutissimus
945 1132 1073 1195 sentiat.
1110 1130 1202 1195 Unus

193 1242 271 1304 ergo
297 1221 429 1284 tandem
455 1241 493 1283 ex
517 1218 580 1283 his:
611 1217 748 1304 ‘Hsve,'
772 1219 894 1305 inquit,
918 1219 1114 1284 ‘Alexander
1136 1219 1203 1284 mi'

192 1308 282 1373 Tunc
301 1329 373 1373 cum
393 1329 449 1372 rex
468 1308 709 1373 venerationem
729 1308 872 1372 debitam
895 1308 1088 1373 reddidisset
1107 1330 1202 1392 quae·

192 1397 365 1481 sissetque,
389 1398 461 1481 quis
486 1402 583 1482 esset,
608 1397 664 1480 qui
687 1420 721 1462 se
745 1398 830 1462 foret
851 1397 912 1462 hac
937 1397 1134 1462 salutatione
1158 1397 1203 1459 di·

191 1489 326 1570 gnatus:
350 1485 454 1571 ‘qu’
474 1486 589 1570 inquit,
609 1485 831 1552 ‘Sesonchosis
850 1486 904 1550 ille
924 1508 1008 1568 sum3
1033 1485 1087 1549 sed
1107 1485 1202 1567 enim,

152 1592 177 1632 1⁵
192 1578 228 1639 ut
246 1575 345 1658 vides,
365 1575 507 1640 adscitus
527 1575 676 1641 convivio
696 1576 848 1640 caelitum
872 1595 933 1658 ago
952 1597 1017 1639 una
1037 1595 1109 1638 cum
1129 1572 1201 1656 diis,

191 1664 276 1747 quod
298 1665 445 1748 profecto
473 1668 505 1728 te
534 1686 661 1747 quoque
683 1663 797 1748 procul
820 1663 917 1727 dubio
945 1663 1011 1726 iam
1035 1661 1200 1727 manebit?

190 1752 243 1814 Ad
266 1751 352 1816 haec·
365 1749 548 1817 Alexander
571 1773 643 1815 cum
663 1757 771 1814 ratum
796 1751 865 1834 spei
889 1752 984 1814 istius
1003 1748 1201 1834 requisisset,

177 1836 402 1904 ·Sesonch0sis
430 1861 554 1902 rursus:
585 1838 700 1921 ‘Iure,'
728 1838 849 1921 inquit,
877 1838 957 1902 ‘ista
984 1838 1046 1902 tibi
1071 1859 1200 1920 sperare

190 1929 351 2010 convenit,
375 1926 430 2010 qui
448 1925 535 1990 inter
553 1929 660 1990 cetere
678 1927 801 1990 laboris
826 1930 859 1990 et
883 1925 1006 2011 gloriae
1030 1927 1098 1989 eius
1123 1949 1199 2010 quo·

149 2033 175 2072 so
191 2035 251 2096 que
271 2015 360 2079 urbis
376 2017 488 2079 auctor
508 2014 682 2098 exstiteris,
701 2036 782 2098 quae
796 2015 893 2079 rebus
907 2014 1058 2078 humanis
1073 2015 1199 2097 magni·
1278 2029 1279 2032 ’

188 2103 318 2167 ficentia
346 2103 470 2187 pariter
499 2101 635 2167 antistet
666 2106 699 2170 et
728 2103 844 2187 gloria.
895 2102 1001 2177 Quare
1032 2103 1121 2167 abito
1151 2103 1201 2166 in-

187 2195 325 2275 trorsus,
354 2196 392 2257 ut
419 2192 537 2256 summi
565 2213 692 2276 quoque
714 2191 896 2276 potentiam
924 2191 1066 2256 numinis
1090 2213 1200 2257 eoram

188 2279 330 2344 salutes?
587 2293 590 2300 ’

277 2367 335 2434 43.
359 2368 443 2440 Turn
467 2369 617 2433 audacior
635 2369 874 2452 rex-ingressus
895 2368 978 2433 sacri
1001 2369 1065 2434 loci
1087 2369 1199 2452 penita
1218 2373 1263 2425 ⁶8·

148 2473 174 2512 2⁵
188 2457 367 2521 maiestatis
392 2458 533 2542 effigiem
557 2457 644 2522 videt
672 2460 704 2522 et
730 2458 858 2542 fulgore
883 2457 1032 2523 aethereo
1058 2459 1199 2522 reniten-

187 2547 263 2629 tem,
287 2547 455 2611 enimvero
475 2545 692 2611 sedentarium
716 2546 878 2631 talemque
901 2568 1047 2630 prorsus,
1071 2548 1199 2630 qualem

187 2634 273 2715 apud
291 2634 454 2700 Rhacotin
479 2635 648 2698 adoratum
673 2657 692 2699 a
715 2657 785 2699 sese
805 2657 967 2699 summum
990 2634 1083 2697 deum
1106 2656 1198 2716 prae·

97 2767 100 2772 -
188 2720 290 2784 sidem
314 2721 462 2805 Sarapim
486 2723 694 2788 meminisset.
734 2723 785 2786 Ibi
809 2744 886 2808 ergo
910 2745 983 2787 cum
1006 2722 1198 2804 augustissi-

187 2830 275 2873 mum
294 2830 414 2873 numen
432 2811 615 2875 Alexander
639 2812 814 2876 salutasset
837 2810 1099 2895 agnitionemque
1123 2832 1196 2875 oon-

148 2897 292 2962 cofessae
322 2904 408 2963 esset
432 2899 511 2962 olim
535 2899 660 2964 visitati
683 2899 748 2984 dei,
776 2922 886 2964 rursus
911 2897 1122 2963 Sesonchosis
1152 2900 1198 2963 sic

276 3037 379 3092 2tune
398 3036 429 3090 P.
458 3036 668 3091 circumstantia
686 3037 719 3092 P.
765 3038 885 3092 4turba
904 3036 1055 3092 formarum
1076 3036 1111 3091 A.
1139 3041 1197 3092 tur-

186 3107 285 3161 barum
294 3107 328 3160 P.
365 3110 382 3159 5
397 3106 450 3161 diis
459 3106 492 3163 A.
514 3107 548 3161 de
562 3107 607 3162 his
615 3109 647 3162 P.
686 3115 702 3163 6
716 3107 769 3160 Hie
784 3126 847 3162 eum
862 3107 1155 3178 animo—trepidaret
1163 3109 1196 3164 A.

188 3177 312 3232 tuidori
322 3178 358 3230 A.
401 3184 417 3232 8
437 3179 552 3233 deorum
562 3178 597 3233 A.
618 3178 809 3236 demonumP.
853 3184 885 3233 13
905 3179 953 3248 qui
972 3194 1002 3233 se
1011 3180 1046 3232 A.
1067 3180 1150 3247 quive
1162 3182 1196 3236 P.

188 3251 221 3298 15
240 3249 272 3301 ut
289 3249 368 3302 vides
387 3249 423 3302 A.
450 3249 479 3304 et
497 3248 575 3304 vidos
593 3250 626 3306 P.
660 3250 775 3304 uelitum
793 3251 826 3304 P.
850 3249 1002 3304 celibatum
1020 3250 1055 3304 A.
1089 3250 1141 3305 diis
1160 3253 1196 3306 A.

186 3316 231 3369 his
249 3318 283 3372 P.
358 3325 389 3373 19
409 3321 571 3375 convenerit
592 3322 624 3375 P.
698 3327 731 3375 21
752 3321 829 3376 abito
850 3321 884 3374 P.
913 3320 1026 3374 habitus
1044 3322 1079 3377 A.

275 3385 323 3441 43.
348 3395 382 3443 24
401 3390 471 3443 Tum
491 3390 623 3446 audacior
632 3392 704 3447 Mai.
729 3393 800 3446 Tum
820 3394 912 3447 accior
921 3392 956 3447 A.
977 3390 1046 3446 Cum
1065 3391 1155 3448 aotior
1164 3395 1196 3450 P.

187 3456 222 3532 25Ι
240 3457 364 3533 aetherio
383 3461 417 3513 A.
445 3462 556 3516 ethereo
577 3463 611 3517 P.
662 3469 695 3518 27
716 3463 835 3517 Racatin
854 3462 931 3517 AP.
984 3469 1019 3518 28
1040 3481 1091 3520 con
1111 3483 1197 3538 augu-

187 3525 309 3578 st1so1me
327 3542 428 3582 nomen
448 3531 482 3584 P.
555 3539 589 3587 30
609 3532 656 3587 dei
676 3534 709 3588 P.
739 3533 796 3588 diei
816 3536 849 3589 A.
872 3567 877 3576 ·
1261 3543 1262 3552 ’
