2654 3926
161 175 205 239 34
594 173 705 228 LIBER
722 173 742 228 Ι.

162 339 234 423 quis
261 341 373 402 tamen
401 337 455 401 ille
483 337 598 401 duetus
622 336 764 401 fluminis
787 336 864 416 fuit,
891 337 920 400 is
947 358 1034 401 nuno
1056 337 1176 420 plateis

162 426 248 510 apud
278 425 509 490 Alexandriam
526 429 664 490 -traotus
695 428 758 510 est3
789 425 845 488 sed
876 425 939 490 duo
970 429 1098 490 tantum
1129 427 1175 490 in·

162 536 292 599 gressus
322 514 492 579 fluminum
525 514 699 597 reservati,
731 513 832 579 oeteri
863 513 996 578 nomina
1025 513 1175 598 partibus

162 603 272 688 oppidi
290 603 532 687 praestiterunt.
573 602 679 686 Igitur
697 623 793 666 omne
813 602 954 685 spatium
973 603 1013 668 ab
1037 624 1074 667 eo
1094 603 1175 686 loeo,

134 694 213 758 seui
232 691 423 756 Bendidium
442 694 535 756 vetus
554 711 673 755 nornen
692 694 869 776 estusque
890 691 930 755 ad
949 690 1175 774 Hermopolim

161 781 251 845 urbis
271 781 339 845 eius
360 779 484 844 ambitu
499 784 691 864 occupatum
707 783 765 845 est.
802 777 965 843 Sedenim
980 801 1100 844 nomen
1113 779 1176 846 hoe

161 869 259 956 longe
283 890 383 952 secus,
407 890 445 932 ao
469 890 502 932 se
525 869 646 932 veritas
670 868 780 945 habet,
806 869 839 930 in
863 889 922 931 usu
947 869 1175 951 appellationis

160 958 294 1041 resedit3
318 957 444 1021 Hormu
464 957 549 1038 enim
568 956 662 1039 polis,
685 978 752 1021 non
769 953 988 1040 Hermopolis,
1012 957 1098 1021 diota
1116 962 1176 1039 est,

161 1047 248 1130 quod
274 1045 462 1130 portuosius
490 1044 559 1109 illio
588 1045 697 1109 alveus
725 1041 793 1107 Nili
821 1045 982 1128 latiusque
1012 1044 1046 1109 in
1073 1045 1177 1110 latera

120 1159 147 1198 ιο
162 1134 358 1199 descendens
372 1132 470 1197 fidam
486 1133 662 1197 stationem
676 1132 813 1197 navibus
828 1154 886 1217 per
905 1153 975 1197 sese
989 1133 1174 1199 labentibus

160 1223 289 1289 faceret.

250 1309 309 1377 25.
336 1308 430 1374 Hane
452 1309 554 1395 igitur
577 1310 691 1374 urbem
712 1310 854 1375 nominis
878 1311 928 1375 sui
951 1310 1169 1394 appellatione
1189 1323 1236 1374 21.
1311 1377 1312 1380 ,

160 1400 314 1485 dignatus
328 1399 362 1464 in
377 1419 514 1484 omnem,
530 1403 687 1482 quantum
701 1399 763 1464 visi
779 1398 884 1485 datur,
898 1397 1170 1482 magnificentiam

160 1487 337 1572 laboravit,
366 1487 514 1572 quamvis
538 1487 728 1554 Cleomenes
756 1488 795 1552 de
824 1487 990 1553 Nauorato
1020 1491 1053 1550 et
1075 1485 1174 1550 Dino-

122 1599 147 1640 rs
162 1580 266 1642 crates
290 1575 436 1642 Rhodius
459 1578 494 1642 in
518 1598 589 1642 eam
613 1577 807 1641 sententiam
830 1599 897 1642 non
921 1575 1114 1657 accederent,
1138 1579 1175 1639 ut

160 1670 285 1731 tantam
313 1666 405 1730 illam
435 1665 564 1750 urbem,
592 1669 716 1748 quanta
742 1687 826 1729 nune
855 1668 919 1750 est,
945 1665 1007 1728 niti
1035 1663 1175 1748 deberet,

161 1755 246 1838 quod
275 1776 380 1837 neque
407 1754 526 1836 repleri
556 1753 772 1817 aedificiorum
801 1753 909 1834 spatia
932 1754 1047 1818 metita
1070 1753 1174 1817 turbis

160 1841 418 1925 competentibus
447 1840 659 1922 opinarentur
686 1861 746 1903 neo
773 1841 897 1922 repleta
926 1841 970 1904 ali
997 1841 1092 1904 faoile
1117 1861 1174 1924 po-

161 1929 308 1994 tuissent.
353 1927 405 1992 Ex
433 1949 496 2012 quo
519 1926 589 1992 fore
613 1927 856 1993 arbitrabantur
878 1928 966 1992 bella
992 1928 1175 2011 frequentia

120 2043 147 2081 20
161 2019 212 2082 vel
231 2016 425 2081 necessitate
443 2015 643 2099 quaerendae
663 2016 837 2080 alimoniae
861 2016 902 2080 ab
926 2016 1007 2098 ipsis
1030 2015 1174 2082 ineolen·

159 2107 248 2171 tibus
271 2104 421 2189 ineunda,
444 2125 501 2168 seu
524 2105 692 2189 opulentia
714 2105 951 2189 praevalerent,
975 2126 1031 2169 seu
1050 2105 1173 2170 viribus

160 2194 388 2279 deficerentur,
418 2192 494 2257 dum
525 2196 583 2258 aut
611 2196 759 2278 peterent
788 2193 910 2278 aliquid
941 2197 999 2258 aut
1026 2197 1174 2276 peteren-

159 2286 220 2348 tur.
273 2282 398 2366 Quippe
426 2282 626 2346 moderatum
654 2283 784 2347 urbium
813 2285 935 2347 statum
966 2285 999 2346 et
1027 2282 1173 2347 oonsiliis

159 2371 287 2436 facilius
307 2372 417 2437 oedere
442 2374 475 2435 et
498 2371 538 2435 ad
558 2371 830 2436 sustentationem
850 2371 900 2434 sui
918 2371 1102 2455 promptius
1123 2393 1173 2436 oe·

119 2483 289 2526 recursare
314 2460 466 2543 amioum,
494 2459 654 2544 siqnidem
682 2459 883 2525 multitudini
909 2481 970 2524 neo
992 2459 1098 2525 facilis
1123 2461 1173 2526 sui

159 2550 243 2634 apud
267 2571 379 2616 omnes
403 2548 533 2635 singula
556 2548 760 2613 dinoscentia
783 2553 882 2632 atque
906 2550 1005 2613 etiam
1029 2548 1172 2614 difficilis

158 2640 209 2702 vel
233 2638 440 2722 conspiratio.

249 2724 452 2809 Quamquam
475 2725 576 2812 igitur
595 2725 693 2812 longe
712 2725 837 2791 auctius
856 2748 913 2790 rex
932 2725 1064 2790 metitus
1082 2725 1168 2789 loeo·
1187 2744 1233 2796 22,

158 2836 231 2878 rum
251 2813 498 2898 amplitudinem
517 2814 612 2898 foret,
636 2818 745 2878 tamen
766 2814 806 2878 ad
826 2815 1022 2880 senteutiam
1040 2834 1170 2898 persua-

247 3041 320 3096 4ab
338 3056 371 3094 eo
389 3040 451 3094 loeo
471 3041 527 3096 Mr.
557 3056 591 3094 eo
608 3040 672 3096 loeo
691 3041 727 3096 A.
805 3039 1006 3096 5Bendidinm
1025 3038 1169 3094 Letroune.

157 3111 295 3168 indidium
314 3110 350 3167 A.
402 3117 418 3166 6
437 3111 546 3165 ambitu
567 3112 640 3166 Mai.
665 3112 802 3166 ambitum
821 3113 857 3167 A.
904 3116 920 3166 8
940 3111 1047 3166 Horma
1063 3110 1171 3178 scripsi.

158 3184 263 3239 Hormo
282 3183 318 3238 A.
410 3183 594 3254 aportuosus
613 3183 669 3236 Mr.
762 3188 795 3236 10
814 3181 966 3238 stationem
987 3182 1061 3235 Mai.
1087 3180 1170 3235 aesti-

158 3255 310 3310 mationem
328 3255 364 3309 A.

247 3325 295 3380 25.
317 3330 350 3379 14
370 3324 404 3378 de
423 3323 564 3379 Naucrate
586 3324 681 3394 Geyer.
708 3341 741 3378 ao
760 3321 915 3378 Neuerutus
934 3324 970 3377 A.
1063 3326 1095 3376 17
1114 3338 1172 3376 me-

157 3397 212 3452 tita
230 3403 258 3451 Τ.
282 3396 312 3450 et
329 3395 370 3450 ita
388 3395 423 3451 A.
469 3401 502 3450 18
521 3394 606 3449 facile
624 3394 660 3450 A.
684 3394 777 3450 faeere
795 3401 822 3450 τ.
867 3401 901 3450 22
920 3393 1104 3448 deficerentur
1122 3399 1172 3448 n?

159 3467 310 3523 deficerent
327 3466 364 3522 A.
400 3468 530 3535 peterent
548 3473 575 3520 τ.
596 3465 765 3535 impeterent
782 3464 817 3521 A.
891 3470 925 3520 25
944 3464 1067 3519 amioum
1086 3463 1172 3531 siqui·

159 3539 222 3593 dem
242 3543 288 3592 ete.
308 3542 453 3605 coapta
472 3538 504 3591 ia
521 3543 550 3594 τ.
568 3537 611 3592 nil
630 3538 730 3605 ἱερέων
