2648 3922
140 179 183 243 36
573 171 684 234 LIBER
701 180 721 235 Ι.

139 342 209 406 ulla
241 342 327 407 urbsv
350 342 485 426 habeat,
518 343 624 407 omnis
657 347 733 426 post
765 343 797 407 id
831 365 966 426 operum
998 346 1152 430 imposita

140 430 278 496 molitio.

230 517 336 595 Quare
354 541 427 584 cum
446 519 508 583 hae
527 520 633 599 urbes,
656 541 738 604 quae
761 520 795 584 in
819 521 908 584 omni
926 521 1004 586 orbe
1022 523 1153 588 terreno
1171 537 1217 590 24.

141 607 301 672 maximae
325 608 543 692 celebrantur,
571 609 606 672 in
627 609 707 672 haec
731 609 837 692 spatia
859 613 1046 674 numeratae
1071 611 1153 678 sint:

113 694 318 780 aspriaeque
338 697 382 760 sit
399 697 514 762 civitas
533 697 585 761 vel
605 697 807 780 amplissima
826 695 1003 763 Antiochia
1022 702 1154 764 extenta

142 784 255 849 stadiis
288 789 378 850 octo'
397 785 534 869 pedibus
571 785 778 870 septuaginta
815 784 956 870 duobus,
989 786 1154 872 Carthago

140 894 232 955 vero,
259 895 342 956 quae
364 875 585 958 principatum
609 872 739 938 Africae
767 878 871 958 tenet,
899 875 1014 940 stadiis
1043 877 1154 941 decem

140 965 289 1045 porrecta
326 963 474 1027 videatur
491 1028 493 1032 ,
510 963 670 1046 studiique
707 967 800 1046 parte
838 967 968 1048 quarta,
1004 963 1154 1048 Babylon

140 1071 240 1132 porro
264 1050 377 1115 stadiis
401 1050 569 1117 duodecim
592 1053 692 1136 longa
720 1051 763 1115 sit
792 1055 824 1116 et
850 1051 984 1134 pedibus
1009 1053 1154 1118 ducentis

102 1161 127 1200 ro
142 1141 239 1223 atquc
263 1139 393 1222 viginti,
421 1140 493 1222 ipsa
521 1161 647 1223 quoque
677 1140 807 1205 domina
835 1140 982 1205 omnium
1007 1143 1155 1225 gentium

141 1227 247 1292 Roma
271 1228 529 1310 quattuordecim
554 1228 667 1292 stadiis
692 1232 725 1293 et
746 1229 882 1314 pedibus
903 1232 1032 1295 centum
1056 1234 1154 1314 atque

141 1315 258 1399 viginti
290 1317 391 1401 longa
424 1317 575 1400 primitus
609 1317 722 1400 fuerit,
755 1317 899 1382 nondum
934 1318 1067 1383 adiectis
1101 1320 1153 1384 his

141 1405 305 1486 partibus,
333 1425 415 1489 quae
444 1406 582 1470 multum
610 1407 855 1488 congeminasse
878 1408 1059 1471 maiestatis
1085 1408 1153 1472 eius

142 1491 418 1577 magnificentiam
441 1495 603 1578 visuntur,
626 1493 859 1560 Alexandriam
882 1495 985 1560 mensi
1010 1500 1085 1560 sunt
1109 1517 1155 1560 se·

103 1601 129 1640 15
143 1581 245 1646 decim
275 1582 406 1666 quidem
436 1583 566 1667 stadiis,
598 1583 733 1668 pedibus
764 1605 840 1648 vero
873 1584 1026 1649 trecentis
1058 1588 1154 1668 atque

143 1671 527 1756 septuagintaquinque.
560 1749 562 1752 .

233 1757 292 1823 27.
321 1758 485 1843 Occupato
514 1760 614 1842 igitur
643 1759 732 1822 omni
758 1761 842 1844 solo,
871 1760 956 1844 quod
983 1761 1155 1845 praedictis
1173 1769 1219 1822 25.

143 1847 243 1912 alveis
268 1850 364 1930 atque
388 1846 467 1911 vicis
496 1847 574 1911 olim
597 1847 758 1911 consitum
789 1868 864 1911 mox
891 1849 969 1912 urbs
995 1872 1059 1914 una
1083 1871 1158 1916 con-

143 1935 262 2018 texuit,
294 1934 383 1998 videt
414 1935 557 1998 insulam
592 1935 716 1998 eminus
748 1936 941 2019 perbrevem
976 1959 1041 2001 rex.
1095 1937 1155 2004 Oui

104 2045 130 2084 ao
143 2044 261 2086 nomen
285 2020 409 2087 Pharus
434 2044 504 2088 esse
528 2043 601 2088 cum
623 2023 792 2108 diceretur,
814 2023 954 2106 coluisse
979 2046 1055 2090 vero
1074 2025 1157 2090 Pha-

143 2133 216 2175 rum
238 2110 336 2175 istam
360 2109 493 2196 Protea,
521 2111 712 2196 conlapsum
740 2113 839 2177 etiam
867 2113 988 2177 ibidem
1012 2120 1157 2179 cerneret

143 2199 279 2265 Proteos
304 2199 525 2284 sepulchrum,
548 2199 582 2264 id
606 2201 735 2284 quidem
757 2202 907 2286 protinus
931 2206 964 2267 et
985 2203 1157 2268 reformari

144 2289 185 2352 ad
199 2288 317 2353 faciem
330 2288 486 2353 novitatis
502 2292 535 2352 et
549 2289 612 2354 ooli
625 2289 811 2374 religiosius
828 2291 963 2355 mandat
972 2328 1010 2338 —
1021 2292 1157 2377 exinquo

144 2377 258 2442 civitas
282 2375 406 2442 Pharos
430 2381 538 2442 cst-
561 2377 693 2463 eiusque
717 2401 787 2444 mos
811 2379 852 2443 ad
874 2401 934 2445 nos
958 2403 1060 2466 usque
1082 2403 1158 2464 pro-

104 2484 130 2524 aa
144 2466 254 2549 lapsus
266 2465 401 2530 Sacrum
414 2465 501 2530 iuter
512 2459 642 2531 nostros
653 2467 780 2533 Heroas
793 2469 918 2533 dicitur.
941 2469 1081 2534 Additur
1104 2474 1217 2530 XXXII.

143 2557 254 2618 tamen
277 2555 318 2619 ad
341 2554 485 2620 fabulam
509 2559 650 2620 metatae
668 2558 808 2640 primum
827 2558 1048 2642 discretaeque
1067 2558 1158 2622 urbis
1175 2559 1221 2613 26·

143 2642 288 2727 huiusce,
312 2644 396 2728 quod
421 2666 493 2709 cum
512 2645 618 2709 lineae
638 2645 752 2710 ductae
772 2647 812 2711 ab
833 2647 1017 2711 architectis
1040 2645 1156 2728 forent,

145 2731 262 2812 quibus
286 2732 429 2815 spatium
453 2735 486 2796 et
509 2733 681 2817 descriptio
706 2738 845 2799 metatae
868 2734 958 2798 urbis
977 2737 1157 2816 notaretur,

126 2819 291 2883 subiecta
321 2820 364 2884 sit
392 2821 496 2885 lineae
526 2820 634 2886 farina
664 2844 723 2906 pro
754 2824 893 2906 pulvere.
946 2821 1008 2886 Sed
1037 2822 1094 2886 ubi
1123 2822 1157 2887 id

105 2927 131 2966 ac
145 2907 266 2973 facturn
285 2907 394 2991 fuerit,
417 2931 492 2974 mox
511 2931 689 2996 congreges
711 2912 807 2976 multi
825 2913 951 2975 numeri
975 2915 1008 2974 et
1029 2913 1157 2996 generis

239 3117 327 3173 Verba
346 3119 410 3174 tude
427 3135 447 3172 e
466 3117 621 3188 ‘Carthago
640 3120 717 3175 vero’
737 3137 822 3191 usque
844 3122 881 3176 ad
899 3121 979 3188 {ierem
1002 3122 1102 3192 capitis
1119 3125 1157 3177 26

146 3187 274 3256 beantur
296 3190 378 3246 ettam
401 3189 434 3244 iu
453 3188 517 3245 Ood.
537 3191 630 3245 Paris.
650 3195 726 3248 8319
746 3193 854 3247 membr.
872 3208 941 3248 saec.
963 3193 1024 3262 XI,
1046 3195 1119 3248 cade
1141 3210 1159 3246 a

147 3258 315 3314 Mommsauo
329 3260 404 3316 edita
417 3266 483 3316 sunt
496 3261 527 3315 in
537 3261 677 3316 Achaeoi.
691 3264 718 3317 d.
732 3263 818 3318 sucas
829 3262 890 3320 Ges.
904 3263 930 3319 d.
942 3264 1024 3319 Wiss.
1036 3259 1164 3320 Velim

147 3333 242 3404 (1857)
260 3331 401 3401 parcae.
476 3331 572 3386 serbi
590 3339 617 3387 r.
693 3338 726 3387 12
745 3333 863 3389 abiectis
880 3335 913 3388 e'a
930 3340 1159 3405 mecummet:

146 3399 264 3454 adiectis
289 3405 324 3456 A.
405 3407 439 3456 14
464 3401 674 3471 magnificentia
699 3406 756 3459 cod.
786 3405 854 3460 Par.
880 3409 962 3461 8319.
1002 3405 1103 3461 visitur
1127 3407 1160 3461 e'u

145 3484 342 3596 morafiam&
353 3472 482 3596 {cuntur
493 3476 535 3597 ᾗ
563 3472 666 3528 visitur
684 3475 741 3530 cod.
761 3475 828 3531 Par.
847 3479 929 3532 8319.

274 3574 283 3596 .
388 3559 473 3598 eroon
528 3561 551 3598 r.
