2648 3924
190 208 234 272 64
620 207 730 262 creua
747 209 767 263 1.

190 371 269 456 quit,
294 369 331 434 ‘o
355 374 402 454 tu,
425 372 481 454 qui
500 370 619 435 civium
642 375 773 436 tuorum
792 370 974 436 infortunio
994 371 1202 458 subfragaris,

190 460 357 524 consultor
379 462 489 553 potius
513 459 629 525 fuisses
658 460 693 524 in
716 460 831 524 melius
860 463 893 524 et
918 460 987 536 illic
1014 464 1104 525 tuam
1128 483 1202 544 pru-

138 602 140 610 ,
190 547 333 613 dentiam
364 548 580 630 exercuisseS,
611 549 667 613 ubi
697 549 847 614 cautione
877 569 958 633 opus
991 548 1106 633 fuerit,
1136 570 1203 613 non

189 637 375 701 huiusmodi
411 637 644 720 experimento!
706 636 811 712 Quare
850 659 953 722 neque
990 637 1081 702 tibiis
1117 637 1204 702 vinci

157 729 304 810 spectus
328 725 482 790 martium
508 729 620 809 potest
646 747 706 790 nee
734 727 930 791 contumelia
955 726 1107 791 militaris
1133 730 1202 791 tam

191 813 330 878 artifieio
358 836 456 898 quam
485 815 722 898 supplicatione
751 813 898 897 sopitur?
949 814 994 879 Et
1020 819 1096 899 post
1123 815 1203 880 haec

190 903 304 987 peragi
320 923 414 967 omne
429 903 589 967 excidium
603 903 702 968 iubet.
734 901 797 968 Sed
811 903 967 982 Thebani,
986 904 1131 988 quicum·
1166 909 1264 964 XLVI.

192 1013 254 1076 que
268 991 366 1076 fugae
380 994 493 1056 contra
508 991 685 1056 eversionis
700 1013 777 1056 suae
791 991 951 1076 impetum
966 993 1204 1075 consuluerant,

191 1080 247 1144 ubi
282 1083 411 1164 tempus
445 1079 524 1164 fuit,
559 1080 750 1165 congregati
785 1080 984 1146 sciscitatum
1017 1080 1203 1163 Apollinem

151 1169 344 1251 remittunt,
376 1169 489 1252 ecquid
522 1168 586 1233 sibi
617 1168 838 1254 redintegrare
869 1169 985 1234 urbem
1015 1169 1203 1235 Thebanam

189 1257 260 1322 fata
290 1256 524 1340 permitterent.
570 1256 622 1321 Ad
650 1256 731 1322 haec
759 1258 860 1342 igitur
888 1257 1074 1323 huiusmodi
1103 1258 1203 1342 Apol·

190 1346 266 1409 linis
291 1352 340 1409 est
362 1367 570 1429 responsum:

334 1465 498 1534 Maiugena,
516 1466 644 1535 Alcides,
663 1470 693 1523 et
710 1467 812 1523 Pollux
830 1466 953 1522 cestibus
972 1468 1071 1521 auctor

332 1536 401 1590 Arte
421 1552 472 1591 sua
490 1536 594 1593 Thebis
612 1537 735 1593 reditum
754 1539 915 1607 cultumque
934 1537 1042 1592 dedere.

151 1667 176 1708 rs
191 1645 261 1710 Hae
290 1651 377 1712 sorte
405 1645 482 1711 data
510 1647 761 1731 opperiebantur
789 1646 949 1731 Thebani,
977 1646 1007 1710 si
1034 1645 1110 1730 quid
1136 1646 1203 1710 tale

191 1735 384 1818 proveniret.

280 1820 339 1888 54.
374 1821 559 1886 Alexander
587 1843 662 1888 vero
695 1844 768 1886 cum
796 1820 990 1887 Corinthum
1022 1821 1203 1887 devenisset
1221 1835 1265 1886 68.

192 1932 326 1993 eamque
360 1911 599 1994 occupavisset,
635 1910 720 1975 forte
757 1910 919 1976 acciderat
951 1911 1107 1976 sollemne
1138 1933 1204 1976 cer-

190 2002 302 2062 tamen
330 1998 515 2083 gymnicum
544 1999 630 2084 apud
659 1999 733 2063 illos
762 1999 897 2083 agitari3
926 1999 1013 2063 unde
1041 1998 1205 2066 corinthii

151 2107 332 2171 aequoque,
360 2087 409 2150 uti
437 2085 566 2152 adesset
593 2091 690 2171 atque
723 2086 772 2151 illi
799 2087 970 2153 certamini
999 2088 1205 2172 praesideret,

191 2195 388 2260 magnopere
418 2175 627 2241 contendunt.
677 2174 804 2240 Adnuit
833 2175 934 2260 igitur
963 2199 1036 2262 rex3
1069 2198 1205 2261 cumque

190 2264 348 2348 plurimos
385 2285 444 2348 pro
483 2265 601 2330 merito
640 2265 768 2329 coronis
811 2263 970 2348 donisque
1010 2266 1205 2351 largissimis

190 2355 428 2438 muneraretur,
451 2350 624 2417 Thebanus
653 2351 798 2437 quidam,
827 2353 879 2418 eui
903 2351 1126 2420 Clitomachus
1148 2376 1206 2421 no·

190 2461 265 2505 men
298 2445 398 2520 esset,
431 2444 595 2506 certamen
630 2441 738 2506 luctae
773 2442 946 2526 profitetur
985 2443 1134 2527 idemque
1167 2442 1206 2507 de

150 2551 176 2591 aa
190 2529 332 2596 cestibus
351 2550 495 2614 pugnam
518 2533 617 2615 atque
638 2530 814 2596 identidem
833 2533 1043 2617 pugillatum3
1066 2531 1205 2616 denique

190 2620 255 2683 tria
285 2619 351 2684 ista
380 2618 559 2683 certamina
586 2619 672 2683 idem
702 2619 875 2703 profitetur
904 2625 937 2684 et
966 2621 1063 2683 subit
1112 2618 1202 2703 Ergo

191 2728 263 2771 cum
290 2707 432 2790 primum
458 2707 611 2772 luctando
646 2706 832 2772 adversario
864 2706 1084 2790 praestitisset
1115 2726 1205 2771 coro-

189 2815 330 2878 namque
354 2795 476 2859 laboris
496 2796 666 2880 exegisset,
688 2796 780 2860 iubet
797 2786 982 2859 Alexander
1001 2797 1107 2858 cetera
1126 2816 1204 2878 quo-

191 2903 252 2967 que
277 2881 412 2946 eundem
435 2884 525 2966 prius
549 2885 690 2968 exsequi,
713 2905 795 2969 quae
818 2883 1036 2966 promisisset,
1059 2903 1205 2967 quaeque

150 2992 177 3032 so
192 2971 219 3036 si
238 2970 311 3054 pari
329 2969 462 3035 fortuna
481 2972 653 3055 obtineret,
671 2971 754 3036 nihil
773 2971 919 3036 omnium
937 2971 1016 3054 fore,
1035 2971 1121 3055 quod
1142 2973 1204 3037 sibi

189 3059 314 3144 petenti
332 3080 389 3124 rex
408 3064 552 3145 negaret.
591 3059 697 3145 Igitur
717 3081 794 3124 usus
812 3059 1004 3125 fortitudine
1023 3064 1121 3144 atque
1139 3060 1205 3125 for-

191 3153 273 3213 tuna
300 3169 374 3212 cum
403 3149 546 3214 cestibus
570 3149 679 3233 potior
706 3154 740 3214 et
766 3149 929 3234 pugillatu
956 3149 1084 3214 felicior
1110 3149 1205 3227 foret,
1311 3215 1314 3240 ἵ

280 3293 296 3341 5
315 3286 447 3342 militaris
466 3286 616 3354 artificium
635 3303 722 3356 quam
741 3287 948 3359 supplicatione
967 3288 999 3345 P.
1086 3293 1101 3342 ‘1
1122 3304 1205 3343 omne

190 3373 240 3412 om.
259 3358 294 3412 A.
333 3365 349 3413 8
367 3357 436 3426 fuga
454 3358 689 3413 controversionis
708 3359 741 3414 P.

279 3427 328 3482 54.
363 3434 396 3482 19
416 3429 491 3497 apud
509 3427 587 3484 chiac
605 3445 738 3498 acpascr.
758 3429 805 3484 vel
822 3429 887 3484 illos
901 3430 938 3484 A.
967 3430 1043 3498 apud
1060 3428 1155 3499 pthias
1171 3430 1205 3485 Ρ.

191 3502 225 3550 28
245 3497 371 3566 exegerit
388 3504 415 3553 τ.
471 3505 505 3553 29
524 3515 668 3567 quaequae
686 3500 722 3554 A.
752 3517 823 3568 quae
842 3501 945 3555 Eberb.
994 3506 1028 3554 32
1048 3515 1111 3554 cum
1130 3502 1206 3555 osset
1312 3513 1313 3573 ἦ

191 3565 311 3619 cestibus
330 3565 366 3624 A.
399 3583 462 3622 cum
481 3569 631 3624 celestibus
650 3569 745 3639 potior
763 3572 795 3624 ut
812 3571 944 3641 pugilatu
964 3571 998 3624 P.
