2648 3924
485 225 615 281 OBITUS
634 224 856 281 ALEXANDRI.
1109 225 1172 290 163

162 391 248 474 quit,
277 387 312 453 ‘o
336 388 386 453 vir
410 410 548 472 summe,
576 388 731 472 quidquid
760 409 799 452 ex
826 387 957 452 homine
984 388 1092 452 foetus
1119 387 1173 453 hic

161 478 278 560 habet,
309 476 350 542 ad
379 480 412 541 te
442 477 597 561 pertinet,
628 475 714 560 quod
744 497 820 540 vero
852 480 902 540 est
932 477 1045 540 subter
1075 481 1173 559 atque

162 566 296 648 beluile,
325 564 519 649 quicumque
547 565 608 629 tibi
631 564 754 629 subditi
782 567 859 628 sunt
886 567 919 628 et
946 564 1091 628 subiecti.
1137 562 1173 629 Si

161 655 264 740 igitur
282 674 320 717 ea
342 649 427 737 pars,
452 675 534 738 quae
554 674 693 737 superna
711 655 770 735 est,
790 652 913 716 viveret
932 655 965 716 et
983 656 1172 734 motaretur,

162 742 258 807 sicuti
276 741 366 824 haee,
390 762 471 825 quae
490 741 578 805 infra
597 744 680 824 sunt,
703 739 838 824 faciunt,
856 743 892 804 tu
912 762 989 805 sane
1009 741 1199 806 obtinerese

162 853 200 896 ac
223 830 425 896 dominarere
449 832 647 895 cunctorum.
683 828 746 894 Sed
765 829 918 912 quoniam
941 850 1033 894 secus
1056 832 1116 908 est,
1139 829 1173 892 in

162 919 359 983 contrarium
386 917 648 1002 intelligendum,
679 917 743 981 nisi
774 917 859 1000 quod
891 917 926 983 bi
954 939 1081 1002 quoque
1108 917 1172 1000 ipsi

162 1006 364 1070 dissidebant
381 1027 484 1090 neque
508 1009 703 1091 congruent3
725 1005 815 1070 vides
839 1005 925 1069 enim
944 1006 1089 1088 dispares
1108 1006 1171 1069 for-

106 1109 110 1113 ·
160 1088 230 1159 mas
263 1115 367 1178 neque
394 1093 481 1158 inter
513 1115 547 1158 se
576 1094 696 1158 amicas
729 1116 766 1158 ae
794 1115 926 1177 prorsus
955 1095 1072 1158 beluile
1103 1115 1172 1158 sae-

161 1183 294 1248 vientes.
332 1183 440 1266 Atque
459 1182 495 1245 lri
513 1182 642 1266 quidem
661 1182 746 1246 inter
766 1203 799 1246 se
819 1204 930 1246 omnes
949 1185 981 1246 te
1000 1185 1171 1266 appetente
1186 1202 1212 1241 10

160 1271 357 1335 dissentient
385 1267 671 1353 dimicabuntque.'
720 1267 783 1334 His
812 1268 906 1334 dietis
934 1270 1092 1354 interpres
1120 1291 1172 1334 ex-

160 1359 243 1423 ierat
262 1380 433 1423 aversurus
453 1359 584 1441 scilicet,
608 1359 635 1423 si
656 1379 719 1442 qua
737 1362 855 1442 posset,
879 1363 911 1423 et
935 1361 1105 1423 exusturus
1124 1379 1173 1422 re-

160 1447 309 1532 ligiosius
331 1447 474 1530 portenti
497 1447 586 1510 illius
609 1447 726 1510 minas.
763 1447 946 1511 Alexander
963 1469 1039 1512 vero
1064 1447 1172 1511 animo

160 1539 387 1600 consternatus
417 1556 488 1600 curn
513 1535 636 1620 gemitu
665 1536 710 1598 sic
738 1534 797 1598 ait:
827 1533 906 1600 ‘Pro
932 1534 1015 1598 bone
1038 1534 1171 1618 iupiter,

160 1645 257 1706 quam
289 1624 375 1688 bona
407 1645 459 1688 res
495 1627 544 1686 est
575 1622 739 1708 ignoratio
772 1619 1052 1687 metuendoruml'
1109 1621 1171 1687 Sed
1186 1642 1211 1684 15

160 1711 317 1776 hactenus
348 1711 405 1775 illa
436 1711 536 1775 animi
566 1711 741 1776 commotio
771 1710 841 1776 fuit.
892 1709 1065 1795 Ceteroqui
1095 1711 1171 1775 viri·

160 1799 236 1862 liter
269 1802 302 1862 et
331 1799 444 1864 decore
475 1821 603 1865 ornnem
634 1802 838 1882 exspectatae
868 1799 983 1864 mortis
1014 1801 1172 1883 impetum

161 1887 404 1971 opperiebatur,
420 1889 552 1972 ,quippe
585 1890 640 1970 qui
671 1892 800 1971 praeter
834 1891 942 1952 cetera
974 1909 1011 1952 eo
1045 1910 1171 1972 quoque

162 1997 196 2039 se
216 1976 384 2057 solaretur,
404 1977 488 2059 quod
508 1976 623 2040 divinis
642 1975 821 2040 honoribus
839 1976 927 2041 haud
943 1977 1057 2059 procul
1076 1977 1168 2041 foret.
1183 1998 1207 2038 19

252 2061 310 2128 bb.
341 2063 432 2147 Ergo
466 2065 591 2129 occasio
623 2064 673 2128 illi
705 2064 863 2129 moriendi
895 2064 971 2128 talis
1003 2066 1073 2130 fuit.
1119 2070 1218 2124 XXXI.

160 2149 267 2215 Mater
286 2151 362 2230 ,eius
387 2152 427 2216 ad
451 2175 524 2216 eum
549 2153 723 2235 scripserat
751 2173 847 2235 snper
870 2152 1036 2236 Antipatri
1059 2156 1092 2217 et
1115 2151 1170 2216 Di·
1188 2156 1234 2206 89·

160 2240 339 2323 rinopatris
371 2241 593 2305 simultatibus
623 2240 834 2324 petebatque,
864 2245 901 2303 ut
930 2240 971 2304 ob
1002 2240 1035 2303 id
1063 2241 1171 2324 ipsum

163 2328 203 2391 ad
221 2327 360 2411 Epirum
383 2329 430 2392 ire
454 2329 669 2394 contenderet.
707 2327 770 2393 Sed
791 2328 877 2391 enirn
897 2327 1080 2392 Alexander
1099 2349 1171 2392 cum

161 2415 195 2478 id
222 2418 365 2482 virorum
394 2418 535 2501 iurgium
566 2418 601 2481 r'n
628 2436 718 2482 mum
746 2416 898 2480 iudicium
926 2415 1038 2480 deduci
1064 2417 1171 2498 vellet,

162 2504 278 2568 statuit
300 2505 511 2588 Antipatrum
536 2507 575 2568 ad
599 2526 668 2569 sese
691 2505 801 2570 venire
825 2526 863 2568 ex
886 2503 1078 2569 Macedonia
1106 2505 1170 2568 alio
1185 2527 1211 2570 es

160 2591 195 2654 in
218 2592 326 2657 locum
351 2593 419 2658 eius
439 2594 626 2659 substituto.
663 2593 756 2668 Quod
774 2593 832 2656 ubi
849 2592 973 2656 factum
997 2595 1055 2676 est,
1079 2614 1170 2657 vene-

160 2702 238 2744 num
268 2681 445 2765 Antipater
474 2682 620 2746 elaborat
648 2683 811 2746 curiosum
843 2680 1015 2745 admodum
1046 2680 1172 2745 efficax-

161 2789 224 2852 que
248 2769 343 2852 idque
367 2793 424 2854 per
446 2770 630 2834 ministrum
653 2771 723 2853 regi
747 2769 817 2833 dari
840 2769 874 2833 in
896 2769 1044 2834 convivio
1064 2770 1172 2854 exegit

250 3017 266 3066 2
285 3013 380 3067 subter
400 3014 473 3067 nar.
511 3030 594 3082 super
613 3015 697 3081 atque
716 3012 828 3067 beluine
848 3014 881 3067 P.
919 3031 1003 3082 super
1021 3014 1106 3080 atque
1124 3029 1171 3067 ve·

160 3081 229 3136 luile
250 3083 287 3138 A.
323 3084 513 3138 4motaretnr
531 3084 563 3138 P.
588 3085 747 3138 moveretur
760 3086 796 3138 A.
834 3087 903 3137 otu
921 3101 970 3139 om.
990 3083 1023 3137 P.
1062 3089 1094 3136 11
1114 3081 1170 3135 dis·

162 3151 299 3207 sentirent
317 3153 349 3209 P.
383 3155 489 3209 exierat
506 3154 539 3210 P.
566 3154 639 3208 ierat
657 3155 692 3207 A.
748 3161 781 3208 12
801 3155 830 3208 et
848 3171 898 3208 om.
919 3155 951 3209 P.
1013 3157 1046 3206 16
1066 3155 1170 3207 cetero·

160 3224 209 3289 qui
228 3225 301 3278 Mai.
329 3225 477 3293 ceteraque
495 3221 571 3278 AP.
610 3229 642 3278 17
663 3225 791 3279 decorem
810 3241 923 3278 ornnem
942 3225 1122 3292 exspectante
1137 3224 1169 3278 P.

160 3297 194 3346 18
214 3293 324 3364 Quippe
344 3312 415 3362 quae
434 3298 545 3364 praeter
558 3297 594 3350 A.
621 3293 725 3363 quippe
745 3295 794 3363 qui
811 3309 863 3363 per
880 3295 992 3363 praeter
1001 3295 1034 3348 P.
1073 3299 1105 3347 19
1126 3311 1170 3348 so-

158 3362 265 3418 laretur
283 3365 355 3420 Mai.
386 3366 491 3420 solatur
510 3366 584 3421 AP.

249 3435 298 3504 56.
317 3442 352 3490 20
366 3436 409 3490 1111
423 3453 472 3491 om.
483 3436 519 3490 A.
556 3442 589 3489 21
605 3436 759 3490 decembre
775 3433 989 3505 ‘Divinopatrie'
1006 3435 1040 3502 ef.
1054 3436 1170 3492 Zueberr'

161 3504 416 3578 Pseudo-Uoltinia
432 3525 462 3576 p.
477 3512 511 3561 11
526 3523 562 3576 sq.
600 3513 634 3560 22
654 3506 775 3561 Petebat
792 3506 834 3561 uti
853 3505 889 3560 ob
908 3505 1001 3575 iprum
1016 3507 1051 3561 P.
1088 3513 1123 3562 24
1140 3507 1168 3560 in

159 3593 240 3629 snum
258 3577 393 3631 iudicium
413 3579 519 3633 addidi.
592 3583 625 3632 26
638 3576 703 3631 alia
721 3579 756 3632 A.
829 3581 864 3632 27
883 3577 995 3632 laborat
1013 3578 1049 3634 A.

957 3666 1010 3718 11*
