2650 3920
166 203 231 270 164
581 205 690 260 LIBER
708 206 755 262 ΙΙΙ.

163 369 252 451 poto.
297 367 404 451 Igitur
430 389 488 432 rex
512 390 587 433 mox
610 368 731 435 lectulo
760 370 856 434 datur
884 391 921 434 ac
949 370 1062 436 diebus
1088 392 1174 435 eom-

163 455 321 539 plusculis
350 478 422 521 cum
449 457 506 520 illa
537 456 678 540 pernicie
710 459 913 522 conluctatus
940 459 1074 523 tandem
1102 481 1174 524 oau-

164 539 234 608 sam
267 543 411 609 eiusdem
442 544 576 629 periculi
614 566 684 608 esse
722 546 762 610 ab
798 545 974 628 Antipatro
1012 548 1174 632 cognovit.

162 631 201 695 Id
223 633 377 697 insecuta*
393 635 443 696 est
470 632 628 716 quaedam
655 634 757 698 veluti
784 633 1019 718 indignationis
1048 635 1174 700 caelitis
1193 649 1243 700 90.

137 721 351 788 sustentatio.
391 718 520 785 Nebula
543 720 662 805 quippe
687 721 861 786 admodum
885 743 995 787 crassa
1017 723 1176 806 foedaque

163 808 322 873 interfusa
350 810 438 873 omni
466 809 534 874 atri
558 809 637 873 sudo
661 809 712 872 die
736 813 851 875 cuncta
874 809 909 874 in
932 812 1082 875 tenebras
1106 833 1175 876 ver-

163 899 259 961 terat.
306 896 388 961 Tum
411 900 543 980 repente
567 919 584 960 e
606 897 748 962 nubibus
772 899 921 962 draconis
945 898 1071 984 effigies
1095 899 1176 983 igni-

163 985 292 1048 tissima
315 985 450 1050 caelitus
473 985 595 1050 labitur
618 1008 705 1050 mare
729 1007 831 1069 usque
860 1009 987 1070 unaque
1017 1009 1090 1052 cum
1118 988 1176 1052 illo

163 1074 361 1156 praestantis
385 1073 513 1158 aquilae
536 1073 660 1158 speeies
683 1074 824 1138 volabat.
869 1073 959 1149 Quod
979 1075 1036 1140 ubi
1052 1074 1177 1140 factum

125 1160 329 1244 secationis
351 1182 478 1245 quoque
498 1160 674 1244 Babylonii
692 1162 899 1226 simulacrum
916 1163 1038 1228 motari
1059 1163 1176 1247 coepit.

163 1248 209 1314 Et
238 1249 327 1313 hisce
354 1251 450 1314 factis
479 1272 589 1313 rursus
613 1250 711 1315 draco
734 1272 799 1314 una
822 1271 896 1314 cum
921 1251 1029 1334 aquila
1053 1273 1112 1314 sua
1134 1251 1176 1316 ad

163 1337 244 1401 caeli
275 1359 417 1402 convexa
446 1339 621 1421 remeavit,
653 1339 763 1422 aquila
795 1359 873 1402 sane
906 1339 1027 1403 vehens
1061 1340 1175 1404 stellae

164 1424 330 1489 cuiusdam
353 1426 514 1510 fulgidum
538 1426 682 1510 globum.
727 1425 819 1502 Quod
847 1426 905 1491 ubi
926 1426 1075 1491 homines
1099 1427 1176 1491 visi·

163 1516 285 1595 tavere,
303 1515 405 1578 veluti
422 1515 671 1598 praenuntiante
691 1514 869 1598 divinitate,
889 1515 973 1599 quod
993 1511 1176 1600 gerebatur,

125 1621 150 1661 15
165 1602 349 1666 Alexander
372 1625 501 1686 quoque
524 1603 640 1686 spiritu
663 1603 812 1688 protinus
834 1606 991 1667 vacuatur
1017 1624 1054 1668 ao
1077 1603 1177 1668 mori·

163 1694 225 1754 tur.
271 1689 379 1755 Persis
405 1695 516 1755 tamen
545 1691 650 1755 multa
679 1691 844 1755 contentio
873 1695 942 1755 erat
970 1691 1176 1773 cupientibus

163 1799 272 1862 regem
300 1780 336 1842 in
363 1800 464 1863 regno
488 1778 618 1844 Persico
647 1778 786 1862 sepelire
816 1799 940 1862 proque
969 1779 1029 1843 deo
1052 1777 1177 1844 Mithra

162 1865 376 1950 religionibus
399 1887 595 1931 consecrare.
637 1866 812 1931 Enimvero
832 1865 1024 1931 Macedones
1049 1867 1088 1931 ad
1107 1867 1176 1931 Ma-

164 1951 332 2018 cedoniam
359 1976 475 2037 eorpus
503 1954 646 2020 indidem
674 1954 752 2018 ferri
779 1958 813 2019 et
841 1953 911 2019 solo
935 1956 1041 2037 patrio
1071 1957 1176 2039 sepul-

123 2062 149 2101 ao
164 2042 314 2125 chrisque
328 2042 488 2106 maiorum
502 2042 705 2107 inferendum
718 2045 842 2126 putant
863 2043 945 2106 Tum
959 2043 1176 2127 Ptolomaeus,

164 2130 250 2214 quod
274 2130 359 2194 enim
384 2130 481 2195 sciret
503 2132 587 2214 apud
611 2130 781 2214 Babylona
803 2130 890 2195 lovis
915 2131 1082 2195 oraculum
1105 2153 1175 2196 esse

164 2218 353 2302 veridicum,
382 2219 416 2283 in
440 2220 510 2283 eius
533 2219 584 2284 dei
608 2219 801 2284 sententiam
826 2218 946 2300 differt,
968 2220 1103 2302 perinde
1126 2221 1174 2284 uti

162 2307 302 2390 iusserit,
326 2307 539 2373 consulturus.
577 2307 729 2391 Deusque
752 2305 974 2392 interrogatus
998 2307 1045 2373 sie
1069 2309 1129 2372 ait:

268 2428 386 2498 Accipe,
410 2444 481 2495 quae
499 2428 575 2497 regis
594 2426 675 2480 sedes
694 2427 842 2495 cultusque
861 2426 978 2481 dicetur.

122 2511 149 2551 25
269 2499 342 2553 Urbs
362 2497 465 2553 colitur
482 2497 541 2552 Nili
558 2498 674 2567 propter
688 2497 825 2552 'umbrosa
843 2496 960 2566 fluenta,

269 2569 408 2639 Aequoris
425 2569 455 2622 in
474 2569 593 2638 gremio,
614 2568 716 2622 cereali
734 2568 812 2623 dives
831 2585 934 2637 anona,

268 2639 389 2694 Nomine
408 2640 593 2694 Amazonidos
612 2654 684 2707 quae
702 2637 806 2693 dicitur
823 2638 930 2708 inclyta
948 2637 1094 2709 Memphis.

268 2709 322 2764 Hic
341 2710 398 2763 sibi
416 2711 524 2778 templa
541 2709 603 2764 dari
621 2710 735 2763 sacrata
755 2711 819 2763 sede
838 2710 951 2779 recepto

269 2780 355 2834 Iussit
375 2780 520 2849 cornigero
539 2779 650 2849 genitus
670 2782 721 2835 sub
739 2779 844 2834 honore
863 2779 957 2846 Lyaei.

251 2990 377 3046 4veluti
394 3007 443 3047 orn.
462 2993 498 3045 A.
572 2988 710 3060 bquippe
729 2989 765 3045 A.
792 3007 902 3058 quoque
924 2991 957 3048 P.
987 2991 1172 3059 crassedoque

162 3059 287 3117 iuterfua
306 3062 340 3117 P.
396 3068 412 3116 6
436 3062 512 3115 omni
534 3079 598 3116 aere
616 3061 650 3115 P.
683 3060 777 3115 omnia
795 3060 854 3115 aeri
870 3063 906 3117 A.
969 3062 1172 3130 9praestautis

164 3134 238 3188 Mai.
246 3133 305 3187 Me.
332 3135 476 3202 praestare
495 3132 569 3188 A.P.
597 3130 777 3201 praeclarae?
841 3137 874 3187 10
892 3133 994 3187 motari
1013 3133 1045 3185 P.
1074 3134 1173 3187 nutare

163 3220 231 3258 corr.
251 3220 285 3258 ea
302 3207 400 3258 natare
418 3205 455 3260 A.
512 3209 542 3257 11
562 3203 606 3257 his
626 3204 661 3256 P.
712 3207 745 3255 13
764 3203 835 3271 fulgi
855 3203 889 3258 P.
943 3209 976 3258 17
995 3219 1100 3271 proque
1119 3203 1172 3259 deo

163 3273 269 3327 Mithra
287 3273 366 3343 relig.
386 3291 461 3328 cons.
481 3290 531 3328 om.
548 3275 582 3328 P.
620 3280 653 3328 18
672 3272 856 3342 religionibus
872 3275 945 3329 Mai.
964 3271 1126 3342 regionibus
1136 3274 1172 3327 A.

163 3348 197 3395 21
217 3343 389 3398 babiloniam
408 3345 440 3401 P.
492 3351 526 3399 22
545 3342 576 3398 in
594 3361 644 3399 om.
664 3347 700 3398 A.
746 3349 780 3397 23
799 3343 914 3399 iusserit
933 3344 967 3398 P.
995 3345 1038 3398 ius
1058 3345 1119 3398 crat
1137 3345 1172 3398 A.

163 3412 328 3489 Mumenque
346 3413 551 3483 interrogatum
570 3416 602 3470 P.
646 3419 682 3468 24
700 3415 804 3482 Accipe
824 3415 872 3483 qui
890 3415 926 3468 A.
974 3420 1008 3468 26
1027 3430 1119 3471 anona
1137 3415 1172 3469 A.

163 3495 194 3531 rn
212 3495 285 3559 nona
299 3482 331 3535 P.
382 3489 415 3538 22
435 3485 620 3540 Amazonides
636 3485 670 3538 P.
699 3484 884 3539 Amazodinos
898 3485 934 3538 A.
962 3485 1101 3554 Memphis
1115 3485 1172 3540 Mr.

163 3562 267 3600 mensis
285 3551 358 3604 AP.
432 3560 466 3607 29
485 3554 553 3623 Lyci
571 3555 606 3609 A.
635 3554 703 3609 liaci
723 3554 757 3608 P.
