2648 3922
100 176 102 184 .
155 136 222 192 vni
499 177 501 180 .
555 139 769 220 rainelmo.

159 301 281 384 legitur
310 303 342 366 iu
371 303 434 365 fine
462 303 537 367 libri
560 304 671 388 primi:
698 305 780 370 Iuli
807 305 936 372 Valeri
956 307 1171 372 Alexandri

157 407 216 471 vei
235 407 382 473 Polemi
395 409 572 474 Alexandri
585 409 765 477 Macedonis
782 409 859 476 liter
871 413 996 495 mmor
1013 413 1089 495 erpl.
1109 419 1171 496 ela,

161 496 196 560 in
233 497 341 562 codiee
374 497 608 564 Ambrosiano:
644 493 742 564 Iulii
779 498 925 566 Valerii
956 499 1171 566 Alexandri

158 585 341 650 Macedonis
356 586 542 652 Troadolne
557 603 595 653 ea
609 588 728 670 Aesopo
743 587 861 654 Graeco
875 589 968 654 Liber
978 591 1104 672 primm
1118 595 1169 656 ete.

156 675 256 740 Libro
281 675 420 740 seeundo
445 675 662 759 subscriptum
690 681 742 742 est
770 677 804 741 in
830 677 938 742 codiee
961 678 1170 744 Taurinensi:
1301 675 1313 764 ’ἵ

160 764 243 828 lali
273 763 402 830 Valeri
428 763 639 830 Aleeondri
666 764 807 831 Polemi
833 769 872 831 ῦῑ
899 787 948 832 res
971 771 1072 865 pes-lae
1098 769 1170 833 Ale-

157 871 275 936 xandri
298 864 480 936 Macedonis
502 919 510 936 .
534 920 542 936 .
565 919 572 936 .
596 871 678 935 later
699 869 824 954 Eropro
848 871 945 938 (ἔνθεο
971 875 1070 955 explet
1096 873 1171 940 leder

155 959 307 1025 mandra
333 963 401 1040 eta,
430 959 465 1023 in
495 953 604 1024 codiee
633 959 864 1025 Ambrosiano:
894 958 992 1026 Iulii
1026 959 1172 1028 Valerii

157 1044 372 1113 Aleeoodri
393 1067 442 1112 res
460 1052 541 1129 peste
563 1048 738 1113 Alexandri
757 1047 939 1114 Macedonis
962 1049 1111 1116 tronsdrte
1132 1073 1171 1118 ex

157 1133 282 1220 Hesopo
311 1131 409 1200 (ἔνθα)
436 1140 488 1201 eto.
538 1135 613 1202 Non
642 1136 744 1222 igitur
773 1135 907 1202 dubium
938 1142 1003 1220 est,
1054 1134 1110 1204 uin
1140 1142 1170 1205 ei

159 1224 292 1307 auctori,
312 1225 401 1289 euius
414 1243 497 1309 opus
517 1224 635 1289 edituri
655 1247 775 1309 sumus,
792 1248 912 1291 nomen
930 1227 1029 1291 fuerit
1068 1229 1171 1294 alias

168 1311 345 1378 Valerios
363 1309 576 1378 Aleaooder
595 1313 797 1399 Polemios,
821 1319 919 1417 atque
942 1315 1011 1404 ipse
1030 1316 1170 1382 elarirsi·
1250 1353 1253 1359 ,

160 1405 268 1467 matus
298 1395 492 1486 dignitatem
522 1402 713 1482 obtinuerit,
747 1425 895 1492 quamvra
928 1404 1022 1468 aliter
1050 1404 1172 1470 iudicet

160 1489 198 1554 de
221 1490 283 1556 hae
306 1511 340 1556 re
363 1485 484 1556 Paulus
503 1484 657 1579 Meyer¹)‚
680 1513 776 1574 quem
799 1491 944 1556 refellere
968 1493 1169 1576 supersedeo.

160 1575 242 1664 Cum
269 1583 375 1646 autem
406 1602 489 1644 anno
513 1581 577 1646 338
604 1579 783 1644 Polemium
812 1584 846 1644 et
873 1576 993 1646 Ursum
1022 1583 1169 1647 eonsules

157 1668 259 1734 fuisse
282 1672 417 1752 constet,
441 1667 579 1733 fortasse
602 1667 712 1732 Iustus
733 1663 867 1754 Gri0n²)
891 1672 977 1733 reete
1000 1670 1091 1754 vidit,
1114 1672 1169 1754 qui

156 1762 303 1824 nostrum
328 1752 451 1821 Iulium
470 1755 637 1820 Valerium
656 1749 879 1819 Alexandrum
896 1755 1076 1823 Polemium
1096 1779 1169 1823 oon·

158 1847 261 1912 sulem
289 1840 382 1909 illum
412 1844 488 1912 anni
512 1844 576 1910 338
605 1863 675 1907 esse
703 1843 915 1909 confirmavit.
960 1839 1011 1909 Ne
1038 1844 1071 1908 id
1100 1847 1169 1929 qui-

158 1930 232 1999 dem
261 1955 282 1998 a
312 1955 387 1998 vero
420 1932 516 2017 plane
547 1932 715 2014 abhorret,
747 1925 833 2016 quod
864 1930 964 1996 Grion
994 1938 1170 2016 praeeunte

159 2017 279 2109 Klugio
318 2021 481 2106 exposuit,
518 2019 617 2084 etiam
649 2018 812 2084 Itinerarii
850 2024 1015 2084 auctorem
1046 2020 1169 2087 Iulium

156 2107 326 2176 Valerium
349 2111 458 2175 fuisse.
502 2105 566 2173 Sed
588 2107 650 2172 hae
674 2107 841 2191 opiniones
865 2112 973 2172 utrum
996 2113 1103 2174 rectae
1127 2133 1169 2175 an

156 2199 261 2264 falsae
285 2199 363 2283 sint,
387 2201 475 2262 eerto
500 2191 716 2260 demonstrari
739 2196 862 2280 nequit.
906 2195 1087 2263 ¹Careamus
1110 2199 1168 2283 igi-

156 2291 219 2371 tur,
241 2308 282 2353 ne
305 2287 429 2351 fumum
448 2280 632 2350 vendamus.
680 2281 768 2361 Quae
786 2305 863 2350 vero
881 2289 1050 2370 praeterea
1068 2285 1170 2353 Grion

157 2380 360 2441 commentus
384 2377 448 2459 est,
473 2368 592 2439 Iulium
615 2369 783 2439 Valerium
807 2370 1064 2439 Alexandrinum
1089 2375 1170 2441 sedi-

157 2465 245 2530 tione
271 2461 474 2550 Aegyptiace
504 2486 523 2528 a
549 2457 752 2528 Diocletiano
778 2483 932 2546 opressa
957 2459 1057 2550 (anno
1087 2463 1169 2553 291)

160 2549 220 2618 sub
245 2575 365 2620 corona
387 2553 555 2618 venditum
579 2551 614 2616 in
636 2573 752 2616 manus
804 2551 961 2616 onstantii
984 2548 1096 2619 chlori
1119 2576 1169 2618 ve-

158 2643 255 2726 nisse,
276 2638 390 2707 deinde
415 2663 488 2706 eum
507 2637 733 2723 Constantino,
755 2635 823 2704 filio
841 2639 940 2722 illius,
964 2635 1060 2726 bello,
1082 2641 1168 2728 quod

155 2729 303 2796 Galerius
322 2730 357 2794 in
375 2721 483 2794 Media
501 2733 534 2792 et
552 2727 707 2792 Armenia
726 2721 827 2812 gessit
847 2725 950 2815 (297),
973 2729 1169 2814 interfuisse,

159 2819 335 2904 eodemque
349 2823 496 2902 tempore
509 2815 682 2882 historiam
696 2811 872 2882 Alexandri
883 2819 1065 2901 scripsisse,
1081 2823 1169 2903 post-

159 2931 198 2973 ea
217 2903 455 2988 Constantium,
478 2903 687 2972 Constantini
705 2905 817 2986 filium,
836 2901 1020 2971 Constantii
1038 2907 1169 2990 patroni

159 2998 210 3064 sui
228 3001 378 3083 nepotem
399 3018 481 3080 eum,
500 2995 551 3060 eui
569 2987 778 3058 Itinerarium
792 2992 967 3059 Alexandri
986 2990 1169 3060 dedicatum

155 3091 219 3170 est,
246 3086 433 3152 educavisse
461 3089 558 3169 atque
587 3081 628 3147 ab
656 3080 769 3147 eodem
802 3080 939 3148 Caesare
966 3083 1053 3148 facto
1082 3106 1168 3149 anno

250 3299 277 3366 1)
296 3296 454 3350 Alexandre
478 3294 505 3349 le
529 3291 623 3349 Grand
646 3293 715 3348 dans
738 3295 767 3348 la
788 3291 947 3348 litterature
969 3290 1108 3364 franpaise
1130 3293 1170 3346 du
1239 3323 1256 3359 ο

158 3384 261 3438 moyen
280 3371 341 3438 age.
377 3366 456 3421 Paris
477 3365 553 3420 1886.
592 3365 669 3419 Tem.
689 3363 723 3432 ll,
741 3375 769 3434 p.
786 3369 826 3419 15.

153 3527 181 3580 p·
201 3434 416 3577 xldtllsdobffi
442 3436 508 3492 letti
534 3434 564 3490 di
586 3435 757 3491 Alessandro
781 3435 894 3504 Magno.
937 3433 1065 3504 Bologrra
1090 3439 1168 3490 1872.
