2646 3934
247 212 424 268 EPISTOLA
442 211 657 267 ALEXANDRI
674 212 724 265 AD
744 211 1007 268 ARISTOTELEM.
1068 211 1134 275 205

120 381 242 463 quanto
266 376 460 460 patientiam
488 375 721 440 immortalium
746 378 784 438 et
811 396 903 439 sacra
927 375 1135 458 praeterirem

121 465 269 550 vestigia.
323 463 447 540 Quibus
477 463 648 529 honoratis
679 463 934 547 collaudatisque
969 464 1134 528 sinistram

122 558 248 639 partem
278 553 389 618 Indiae
416 553 614 636 perscrutari
643 551 787 636 inst'tui,
817 573 858 614 ne
888 551 964 635 quid
994 552 1074 616 mihi
1101 552 1136 616 in

122 643 244 730 ignotis
268 641 350 706 locis
375 640 631 726 subtraheretur,
658 641 744 706 Poro
772 661 838 704 non
867 639 1072 719 detrahente,
1094 663 1135 706 ne

121 732 233 798 abdita
256 731 419 795 videretur
441 733 552 814 tegere
574 731 667 816 regni
691 729 741 794 sui
764 729 859 792 bona.
1149 750 1162 790 a

211 819 310 883 Palus
339 821 409 883 erat
437 819 522 882 sicca
545 822 578 882 et
600 840 704 883 canna
728 817 907 882 abundans.
953 815 1016 882 Per
1038 837 1135 900 quarn

120 910 198 973 dum
222 908 396 973 transitum
419 911 667 990 temptaremus,
694 907 792 970 belua
814 905 891 970 novi
914 906 1040 990 generis
1064 926 1136 988 pro-

124 997 233 1081 silivit,
257 1017 338 1080 quae
363 999 487 1060 serrato
506 999 601 1080 tergo
621 997 760 1061 alterum
779 997 877 1078 caput
895 993 1012 1058 habuit
1031 993 1136 1058 simile

123 1086 372 1170 hippopotamo,
400 1088 533 1168 pectora
561 1083 726 1149 crocodilli
749 1105 879 1169 gerens,
908 1084 1045 1148 alterum
1073 1083 1137 1147 ele·

123 1174 238 1258 phanti
258 1173 463 1237 simillimum
483 1172 570 1238 duris
586 1173 747 1237 munitum
762 1177 861 1257 caput
875 1172 1034 1255 dentibus,
1053 1193 1135 1256 quae
1151 1193 1176 1233 ιο

123 1263 204 1328 duos
227 1262 349 1326 milites
368 1261 538 1344 repentino
558 1261 677 1325 occidit
700 1284 763 1326 uuo
787 1262 863 1326 ictu.
901 1260 1005 1336 Quam
1023 1259 1137 1324 ferreis

124 1351 178 1416 vix
201 1371 355 1435 umquam
379 1348 628 1414 comminuimus
651 1349 791 1432 malleis,
821 1372 917 1432 quam
944 1349 1048 1414 hastis
1071 1371 1138 1414 non

124 1441 311 1505 valebamus
334 1438 538 1520 transfigere.

214 1527 377 1592 Admirati
392 1527 472 1591 satis
487 1525 605 1610 diuque
619 1526 799 1591 novitatem
809 1525 1012 1610 pervenimus
1024 1525 1138 1590 deinde

125 1617 166 1682 ad
190 1617 290 1682 silvas
309 1615 470 1680 Indorum
486 1615 626 1679 ultimas.
662 1613 729 1679 Ubi
748 1612 824 1678 dum
843 1617 951 1678 castra
969 1634 1027 1696 per
1045 1613 1136 1698 quin·
1152 1634 1177 1676 15

125 1705 282 1790 quaginta
305 1704 341 1768 in
358 1704 494 1789 longum
513 1703 619 1768 stadia
642 1706 676 1768 et
698 1704 732 1766 in
755 1704 859 1766 latum
878 1723 936 1786 per
954 1702 1073 1787 viginti
1092 1702 1138 1767 lo·

125 1815 304 1874 cessemus,
329 1793 419 1857 iuxta
442 1813 572 1856 amnem
595 1791 726 1856 Buebar
748 1812 957 1874 coeperamus
981 1791 1063 1855 velle
1087 1813 1136 1856 so-

124 1883 234 1965 porari
255 1882 314 1946 sub
333 1903 415 1964 pura
437 1885 532 1946 nocte
551 1881 632 1945 hora
651 1881 715 1945 diei
734 1880 911 1965 undecima,
934 1901 1008 1944 cum
1026 1880 1136 1944 subito

124 1970 333 2055 pabulatores
348 1971 590 2054 lignatoresque
608 1969 784 2034 exanimati
805 1991 916 2034 omnes
932 1969 1138 2054 advenerunt,

126 2059 222 2125 simul
245 2059 448 2144 nuntiantes,
470 2062 509 2124 ut
532 2059 666 2123 celerius
691 2080 781 2123 arma
804 2079 1005 2143 caperemus,
1028 2058 1138 2123 venire
1152 2079 1179 2120 ao

126 2301 195 2356 mini
223 2305 298 2357 esset
325 2303 507 2369 temptandus
532 2301 892 2370 praestantissimorumquc
918 2301 1033 2355 deorum
1058 2303 1139 2355 tanto

126 2371 262 2426 maiorem
286 2389 331 2428 me
354 2373 422 2441 ipsis
441 2373 515 2428 velle
533 2372 635 2438 videri,
659 2390 744 2440 quam
766 2372 795 2426 in
817 2372 956 2441 patientia
978 2373 1140 2426 mortalium

128 2459 208 2497 sacra
231 2443 385 2512 praeterire
410 2441 532 2512 vestigia
557 2443 595 2497 H.
704 2449 720 2497 3
745 2444 776 2497 in
800 2443 876 2498 HG.
884 2443 927 2497 M.
960 2441 991 2496 in
1015 2459 1065 2498 om.
1092 2449 1138 2498 cet.

127 2519 144 2568 4
163 2514 329 2568 detrahente
349 2534 378 2568 ω.
408 2513 582 2568 detrectante
602 2512 675 2567 GH.
708 2530 743 2567 ne
762 2531 818 2582 qua
839 2514 936 2568 abdita
954 2513 1044 2568 celare
1063 2512 1140 2568 vide-

126 2586 203 2639 retur
222 2585 260 2639 H.
298 2590 314 2638 6
334 2585 417 2638 Palus
437 2590 497 2638 erat
515 2585 590 2638 sicca
608 2585 652 2638 cit.
671 2585 703 2638 in
723 2583 845 2639 Graiam.
864 2584 929 2640 Lat.
949 2585 989 2638 cd.
1008 2584 1082 2638 Keil.
1108 2583 1139 2640 V.

113 2659 296 2781 'lissa
317 2660 332 2709 ⁷
352 2655 999 2780 battus“addubitauit
1017 2672 1140 2780 walt.

130 2797 248 2853 GVH.
275 2803 338 2866 post
355 2797 458 2865 ‘tergo’
474 2797 635 2852 iascritH:
655 2797 720 2851 ‘duo
736 2796 832 2866 capita
845 2797 972 2851 hahens'
1006 2795 1140 2869 alterum]

126 2887 212 2922 unum
231 2867 270 2922 H.
307 2866 407 2921 habuit
431 2867 569 2928 Vinnae
589 2867 655 2923 ω,0.
679 2867 795 2922 leaenae
814 2867 854 2923 H.
892 2866 983 2921 simile
1003 2867 1079 2924 VH.
1104 2868 1140 2921 si·

127 2939 202 2993 milis
213 2944 259 2994 cet.
297 2941 445 3008 9pectora
455 2937 486 2992 V.
494 2940 536 2992 M.
546 2937 580 2992 G.
599 2938 740 3008 pectusL.
759 2941 931 3008 pectorecet.
951 2938 1096 3009 elephanti
1109 2939 1140 2994 V.

127 3026 179 3066 om.
199 3015 245 3064 cet.
284 3015 317 3063 10
337 3025 408 3077 quac
420 3009 448 3064 0.
468 3009 584 3078 quoda.
604 3011 680 3078 quod
693 3013 779 3080 caput
788 3009 827 3065 H.
875 3015 907 3063 11
927 3011 1008 3080 duos]
1028 3013 1142 3064 centum

128 3083 158 3136 et
175 3082 244 3134 duos
265 3079 293 3135 0.
321 3097 378 3134 uno
396 3080 515 3136 ΗΒΘ.
539 3097 589 3136 om.
605 3087 652 3136 cet.
695 3085 729 3134 14
748 3081 851 3151 diuque
866 3101 895 3135 ω.
920 3097 969 3136 ora.
987 3081 1055 3137 0.P.
1084 3080 1141 3134 Ad·

127 3149 223 3206 mirati
241 3154 335 3206 autem
354 3168 448 3204 sumus
467 3152 515 3205 diu
533 3150 689 3207 novitatem
708 3151 767 3206 eius
787 3154 824 3208 H.
868 3156 901 3206 15
920 3152 999 3222 dum]
1020 3169 1084 3206 cum
1102 3153 1140 3206 H.

129 3229 162 3277 16
181 3222 211 3276 in
230 3221 320 3277 latum
338 3239 389 3291 per
408 3221 511 3291 viginti
529 3222 697 3277 locassemus
709 3221 777 3278 ΟΡ,
806 3223 895 3277 latum
914 3222 973 3276 fere
993 3223 1141 3278 collocavi·

127 3310 189 3347 mus
203 3299 250 3348 cet.
315 3298 347 3346 1⁷
367 3293 552 3347 Buebaru.0.
581 3293 749 3348 BuemarH.
778 3293 941 3362 BylebarP.
975 3293 1101 3363 soporari
1111 3314 1139 3349 ω.

129 3363 240 3432 operari
262 3363 292 3416 V.
322 3365 430 3433 epulari
452 3363 480 3419 0.
563 3369 595 3418 18
614 3380 686 3432 pura
708 3380 758 3419 om.
784 3363 812 3420 O.
896 3371 928 3418 19
947 3363 1140 3433 pabulatores]

130 3434 322 3502 pervolatores
342 3435 371 3489 0.
410 3433 562 3489 exanimati
580 3435 608 3489 0.
634 3436 663 3489 et
681 3436 837 3490 animantia
855 3456 885 3488 ω.
909 3436 938 3489 at
957 3434 1142 3488 animantium

130 3502 260 3558 custodes
284 3505 315 3559 V.
341 3506 481 3560 exanimes
499 3506 537 3562 H.
576 3505 750 3562 advenerunt
769 3506 798 3561 0.
831 3521 881 3562 om.
902 3511 948 3560 cet.
1020 3510 1054 3558 20
1073 3521 1141 3558 nun·

130 3573 246 3646 tientes]
266 3576 445 3632 advenientes
464 3577 633 3632 nuntiabant
651 3578 689 3631 H.
