2648 3924
477 237 594 292 ACTUS
613 233 837 292 ALEXANDRI.
1111 239 1153 304 83

229 397 287 466 22.
316 399 362 464 At
380 420 457 464 vero
482 398 550 463 eius
570 398 672 465 frater
691 399 886 484 Oxyathrus‚
908 403 998 468 velut
1018 403 1154 490 indigna
1170 413 1216 466 29.

138 511 235 576 mago
255 509 353 574 quarn
373 488 402 552 si
419 508 497 552 vera
517 487 709 572 dicerentur,
729 487 833 572 ‘Heu'
857 490 973 576 inquit,
996 489 1027 556 ‘o
1046 496 1155 577 frater,

139 601 158 645 o
184 600 250 661 rex,
273 577 351 662 quid
373 576 435 641 boo
453 575 586 641 tandem
609 576 658 640 rei
681 580 740 660 est,
763 578 850 661 quod
868 581 996 644 tanturn
1015 579 1154 645 Alexan-

139 667 197 732 dro
219 667 278 731 isti
300 665 450 731 laudator
476 665 570 730 testis
595 665 742 730 accedis?
787 664 903 750 Anne,'
925 669 1041 753 inquit,
1064 668 1155 736 ‘haee

136 756 199 820 tibi
222 755 289 820 iam
308 753 465 818 meditata
485 753 647 818 sententia
669 756 730 839 est,
751 757 789 819 ut
811 755 861 820 illi
884 777 984 840 regno
1008 760 1066 822 tuo
1086 779 1180 827 ees-s

139 844 229 928 seris,
252 842 476 908 Macedoniam
499 842 568 906 eius
591 842 721 907 tibimet
742 863 810 907 non
831 843 1027 910 vindicaris?
1069 844 1153 923 Quin

137 933 247 1017 potius
266 932 394 996 imitare
413 929 608 996 industriam
622 931 728 996 hostis
747 933 811 997 tui:
829 933 915 1017 quod
933 934 989 997 ille
1007 933 1158 999 facturus

139 1021 180 1086 ad
203 1042 264 1085 nos
288 1021 396 1104 pergit
419 1041 455 1084 ac
479 1022 642 1104 properat,
664 1019 699 1083 id
722 1041 783 1085 nos
802 1021 929 1086 'bellum
951 1021 1081 1088 Graecis
1105 1022 1153 1087 in·

136 1109 290 1176 feramus.
335 1107 450 1193 Neque
479 1128 539 1192 ego
567 1106 630 1172 hoc
657 1109 692 1172 in
718 1109 790 1174 loco
818 1113 856 1174 ut
882 1109 1033 1194 ignaviae
1059 1112 1153 1176 testis

137 1197 361 1263 Alexandrum
376 1197 609 1280 deformavere,
629 1198 684 1281 qui
698 1196 822 1282 hortor,
840 1198 889 1263 uti
908 1199 1063 1283 exemplis
1083 1199 1152 1265 eius
1167 1229 1194 1270 ro

138 1291 229 1352 utare
255 1290 292 1351 tu
316 1306 457 1371 quoque,
485 1306 560 1350 cum
587 1285 681 1349 illum
704 1285 815 1351 videas
843 1306 902 1352 nec
929 1287 1066 1352 ducibus
1092 1309 1153 1354 neo

138 1374 403 1459 praecursoribus
422 1374 648 1458 confidentem,
673 1373 729 1438 sed
753 1374 884 1440 sibimet
902 1376 1023 1453 laboris
1047 1377 1152 1442 omnis

139 1464 247 1529 officia
265 1463 483 1529 vindicantem
502 1461 583 1526 haec
602 1481 708 1547 agere,
727 1483 808 1546 quae
826 1467 921 1528 tants
940 1468 1026 1529 sunt.
1064 1465 1153 1541 Quae

137 1556 175 1616 tu
199 1573 339 1636 quoque,
363 1552 501 1616 sirecte
525 1551 650 1634 sapias,
676 1571 736 1636 per
758 1553 791 1616 te
813 1551 938 1617 feceris.
979 1551 1093 1638 Viden,
1116 1556 1153 1618 ut

137 1642 261 1726 primus
280 1643 389 1705 inruet
411 1641 446 1706 in
464 1639 603 1722 hostem,
625 1640 715 1724 prior
732 1640 860 1705 intonet
878 1641 1040 1726 bellicum,
1062 1642 1152 1726 prior
1166 1671 1192 1712 15

138 1730 317 1814 periculum
341 1729 470 1812 subeat,
499 1727 655 1813 depositis
684 1729 813 1812 quidem
835 1729 1019 1814 insignibus
1042 1730 1152 1816 regiis,

139 1817 215 1882 dum
244 1821 294 1882 est
315 1818 423 1901 miles,
452 1818 650 1900 recuperatis
674 1839 765 1901 vero,
791 1839 865 1882 oum
888 1819 993 1883 victor
1015 1822 1078 1903 est,
1105 1820 1152 1883 ni-

138 1905 243 1971 hilum
272 1907 415 1970 omnium
439 1905 682 1970 cunctabundus
712 1909 769 1976 aut
796 1906 960 1991 differens,
988 1907 1152 1974 enimvero

137 1995 251 2060 labore
273 1995 438 2078 praesenti
463 2016 589 2078 semper
613 1995 750 2060 consilia
773 1993 983 2062 subsecutus?
1165 2021 1190 2061 ro

250 2081 309 2149 23.
346 2083 397 2148 Ad
420 2083 499 2148 haec
517 2083 637 2148 Darius
661 2081 721 2148 ‘Et
738 2083 892 2169 ubinam,'
914 2085 1029 2169 inquit,
1053 2085 1149 2150 ‘haec
1168 2097 1213 2151 30.

137 2171 200 2237 tibi
229 2172 269 2236 de
299 2171 484 2236 Alexandro
516 2176 565 2236 est
595 2174 827 2255 comprehenso
855 2172 1012 2238 notitia?'
1069 2173 1152 2238 Tum

138 2259 328 2344 Oxyatbrus
361 2260 429 2325 eius
459 2261 617 2343 temporis
649 2261 840 2325 memoriam
869 2262 984 2345 refert,
1016 2283 1079 2346 quo
1111 2261 1152 2326 ad

137 2346 324 2434 Philippum
358 2349 477 2414 missus
517 2349 655 2433 petitum
688 2349 843 2431 pecunias
885 2350 926 2413 ab
966 2349 1150 2415 Alexandro

138 2437 379 2504 adolescentulo
407 2437 506 2502 etiam
533 2440 611 2502 tunc
638 2437 743 2502 minas
776 2437 933 2502 eiusmodi
963 2439 1151 2522 excepisset,

65 2580 67 2584 .
138 2547 218 2610 quas
249 2527 288 2591 de
317 2527 543 2611 praesentibus
574 2526 781 2609 experiretur.
832 2525 938 2603 Quare
968 2526 1046 2591 boni
1076 2547 1150 2591 con·
1165 2547 1191 2590 25

139 2615 259 2680 soleret
294 2637 352 2680 rex
388 2614 508 2681 Darius
550 2618 582 2680 et
623 2617 771 2698 satrapas
812 2614 956 2680 omnium
994 2615 1151 2700 gentium,

139 2724 262 2787 quaeve
284 2703 427 2770 indidem
450 2704 523 2790 cogi
545 2707 681 2787 possent
703 2703 902 2769 exercituum
929 2703 1034 2788 milia,
1060 2704 1150 2770 lubo-

138 2796 239 2870 raret,
266 2814 333 2857 non
357 2793 488 2857 Parthis
514 2792 638 2857 scilicet
660 2791 840 2876 Elamisve‚
866 2815 934 2858 non
956 2793 1150 2878 Babyloniis

138 2884 195 2944 aut
216 2880 471 2965 Mesopotamiae
494 2880 571 2945 data
593 2880 730 2946 militiae
758 2883 960 2968 evacatione,
987 2884 1150 2949 enimvero

208 3107 255 3163 22.
289 3107 494 3178 leyathirus
512 3107 548 3162 A.
582 3106 715 3162 oxiatrius
736 3107 771 3162 P.
843 3109 1009 3164 llaudator
1030 3107 1064 3162 P.
1096 3109 1150 3162 sal-

7 3218 16 3232 .
136 3179 217 3232 vator
236 3179 272 3233 A.
316 3181 473 3233 'tracturos
492 3179 528 3232 A.
571 3177 720 3233 8Graecis
738 3179 774 3233 A.
802 3178 897 3248 gregis
916 3179 949 3232 P.
993 3183 1027 3232 10
1045 3177 1094 3245 qui
1114 3179 1149 3235 P.

137 3263 208 3317 quae
224 3250 259 3303 A.
305 3255 337 3304 11
357 3267 421 3304 curn
436 3249 471 3304 P.
495 3253 557 3304 turn
570 3249 605 3303 A.
649 3241 682 3302 ll
700 3250 777 3302 recte
793 3249 827 3303 P.
851 3251 930 3304 recta
943 3248 978 3304 A.
1015 3247 1099 3303 viden
1113 3249 1149 3304 A.

136 3319 200 3375 vide
214 3321 329 3376 nuncP.
364 3325 396 3374 15
410 3321 522 3375 hostem
532 3319 566 3374 P.
581 3335 642 3374 cum
652 3319 772 3374 Graecis.
792 3320 901 3389 proelia
908 3319 944 3373 A.
978 3324 1011 3373 11
1025 3319 1107 3393 miles
1115 3321 1147 3376 P.

135 3389 216 3446 milia
235 3394 271 3445 A.
307 3390 535 3462 recuperatisque
554 3390 585 3446 P.
614 3406 664 3445 om.
683 3405 759 3446 vero.

165 3488 170 3494 ·
225 3462 274 3518 22.
307 3468 341 3517 22
361 3461 505 3518 oxiathrus
524 3461 557 3517 P.
595 3477 649 3529 quo
670 3460 705 3516 P.
728 3460 803 3530 quod
821 3460 857 3515 A.
916 3461 1149 3529 2100010111ᾱί-

135 3533 200 3586 dem
220 3532 254 3588 P.
281 3550 335 3603 que
353 3533 439 3588 uelud
455 3534 531 3588 idem
550 3533 585 3586 A.
611 3531 754 3587 laboraret
773 3531 857 3588 Oodd.
882 3532 1034 3588 advocaret
1048 3533 1149 3590 Eberb.

135 3607 169 3658 28
189 3603 317 3659 elimisve
338 3605 371 3660 P.
446 3603 661 3659 2901000110ηο
682 3603 716 3656 P.

286 3719 297 3755 1
950 3693 987 3747 6*
