2622 3932
331 213 474 268 masaa
493 208 693 265 aussoreno
713 207 935 264 ALEXANDRL
1075 206 1137 272 187

124 388 269 446 stratum
292 371 417 454 nullus,
444 374 481 436 ut
509 372 640 456 asseris,
668 371 764 436 decor
792 374 928 456 augetur
951 370 1137 436 ornatibus:

126 460 305 543 assentior,
333 460 453 544 quippe
480 479 539 524 nec
567 482 620 524 ars
648 458 791 524 officium
818 480 878 524 nec
905 458 1043 522 materia
1070 459 1139 523 ulla

126 547 324 630 suppeditat.
360 546 464 612 Nemo
488 548 573 632 apud
593 569 651 613 vos
674 547 892 612 inaestuare]
915 546 1066 612 adulterii
1089 547 1136 612 in-

126 635 315 700 flammatur
338 635 465 700 ardore:
488 636 636 701 miranda
657 657 709 700 res
733 639 831 720 esset,
855 635 883 699 si
905 635 1048 719 proprio,
1070 657 1136 701 non

127 724 330 788 necessitatis
358 723 477 789 iudicio
502 725 667 809 viveretis,
694 725 722 788 si
751 724 894 788 animum
921 728 1066 789 vestrum
1094 726 1163 790 aba

126 811 251 876 illicitis
280 812 444 876 amoribus
471 812 646 896 pudicitiae
669 812 915 896 contemplatio,
942 833 1008 876 non
1032 811 1136 876 defor-

125 899 250 964 mitatis
269 903 393 965 arceret
411 902 565 985 aspectio,
589 901 617 966 si
637 902 772 966 castitas
790 922 856 965 non
875 900 995 966 coactis
1015 901 1136 965 indicta

125 987 255 1052 ieiuniis
274 989 497 1054 testimonium
515 990 694 1055 voluntatis
713 990 860 1072 eriperet.
897 989 1028 1053 Etenim
1047 989 1136 1054 nulla

123 1077 253 1141 saevior
280 1081 391 1160 potest
413 1077 607 1143 mortalibus
630 1079 732 1162 pestis
760 1079 900 1161 evenire,
929 1099 1028 1161 quam
1055 1077 1135 1142 haec

123 1185 185 1249 res,
209 1185 291 1248 quae
314 1165 444 1248 quidem
467 1188 534 1231 non
556 1167 715 1231 desideria
733 1166 877 1230 libidinis
902 1166 985 1231 solet
1008 1165 1046 1229 de
1066 1187 1134 1230 sen·
1149 1189 1175 1228 ro

125 1252 215 1316 sibus
233 1253 383 1318 humanis
403 1252 537 1336 auferre,
561 1255 616 1319 scd
636 1255 767 1338 factum,
787 1254 820 1318 id
840 1258 975 1319 estnon
994 1258 1135 1319 mentem

124 1342 166 1406 ab
190 1342 311 1406 scelere
328 1341 511 1425 prohibere,
535 1342 590 1406 sed
615 1365 732 1426 corpus
756 1343 796 1407 ab
821 1363 926 1426 opere,
949 1364 1014 1407 non
1034 1343 1135 1425 repri-

124 1450 211 1494 mere
234 1429 378 1494 iubentis
401 1431 586 1513 imperium,
615 1431 670 1494 ssd
693 1431 807 1495 tollere
829 1430 1019 1494 famulantis
1043 1431 1134 1495 obse-

125 1518 244 1600 quium.
291 1517 403 1583 Manet
425 1519 527 1602 igitur
549 1540 647 1582 causa
669 1519 810 1603 peccati,
833 1539 906 1583 cum
930 1519 980 1582 vel
1003 1523 1134 1602 praesto

127 1607 184 1685 [est
205 1606 358 1690 sapiditas
380 1627 488 1690 coece,
511 1627 606 1689 quam
628 1608 656 1672 is
678 1607 761 1672 solus
783 1606 898 1690 effugit,
920 1608 986 1688 qui]
1008 1607 1135 1670 etiamsi
1150 1629 1174 1672 ra

125 1697 245 1778 posset,
267 1717 333 1759 non
357 1696 490 1760 subiret.
536 1694 653 1760 Dicitis
677 1695 767 1780 leges
791 1715 849 1760 vos
873 1698 906 1758 ct
928 1694 1046 1759 iudicia
1069 1716 1135 1758 non

125 1780 253 1866 habere,
271 1783 390 1847 litteris
405 1805 470 1848 non
485 1783 624 1866 studere,
638 1783 892 1848 misericordiam
906 1804 1010 1867 neque
1024 1787 1134 1867 petere

127 1891 229 1953 nequa
252 1872 402 1937 tribuere.
449 1869 568 1938 Omnia
594 1872 674 1936 hacc
698 1893 771 1937 cum
795 1871 900 1936 beluis
924 1874 1053 1936 constat
1075 1892 1134 1937 vos

125 1957 245 2023 habere
273 1961 472 2044 communia,
503 1961 619 2045 quibus
649 1965 686 2025 ut
712 1961 852 2026 facultas
881 1960 1041 2025 sentiendi
1069 1982 1135 2024 non

124 2047 278 2130 suppetit,
300 2048 347 2112 ita
371 2049 519 2113 voluntas
542 2049 669 2113 fruendi
692 2048 822 2114 sublata
844 2052 902 2114 ast.
940 2048 1135 2114 Rationibus
1150 2072 1176 2114 ao

125 2135 235 2219 nobis,
263 2136 295 2200 id
325 2140 375 2201 est
396 2137 610 2202 rationalibus
633 2137 836 2220 hominibus,
865 2137 921 2220 qui
944 2137 1063 2201 nullius
1086 2137 1136 2200 in-

117 2222 216 2298 edias
234 2224 307 2308 lege
325 2225 585 2308 perstringimur,
605 2225 661 2308 qui
680 2225 722 2288 ad
740 2226 821 2290 benc
839 2224 1013 2290 vivendum
1032 2225 1135 2289 libero

124 2312 298 2377 incitamur
321 2312 465 2396 arbitrio,
488 2316 526 2376 ut
542 2313 759 2377 voluntariam
778 2312 1014 2377 continentiam
1038 2313 1136 2396 digna

124 2401 343 2466 remuneratio
369 2404 601 2485 consequatur,
631 2401 719 2465 dedit
749 2402 870 2466 multas
899 2403 1017 2464 natura
1044 2401 1135 2464 blan·

125 2487 238 2572 ditias,
269 2510 348 2573 quas
375 2491 566 2574 plerumque
595 2490 698 2554 virtus
729 2489 853 2572 sopitas
882 2487 1020 2553 cohibet.
1070 2487 1133 2552 Im·
1150 2509 1176 2551 rs

124 2577 278 2661 possibile
306 2582 356 2643 est
386 2579 487 2659 enim,
517 2581 554 2642 ut
584 2581 711 2642 tantam
741 2577 853 2641 mundi
881 2575 1135 2660 magnitudinem

215 2787 334 2842 lnullis
352 2787 388 2842 R.
417 2786 580 2842 ornantibus
599 2788 633 2844 L.
714 2786 928 2843 cassaniola
958 2787 1079 2842 assensio
1101 2787 1135 2842 P.

124 2857 245 2912 assessio
263 2857 298 2914 L.
336 2858 451 2928 quippe]
471 2858 545 2912 enim
566 2859 600 2912 P.
643 2876 688 2914 ars
710 2875 763 2912 nec
786 2857 910 2913 officium
936 2857 969 2914 P.
1003 2857 1135 2912 offucium

124 2928 264 2984 Biasucus.
328 2935 344 2982 3
363 2929 485 2986 incestus
500 2929 533 2985 L.
541 2929 576 2984 R.
600 2929 707 2984 incesto
724 2930 757 2986 P.
781 2928 919 2984 incestivo
934 2929 970 2984 B.
1002 2926 1135 2983 adulterii

123 2998 199 3054 LE.
228 2999 367 3054 adulterio
387 3000 419 3054 P.
447 2999 604 3056 adulterino
623 3001 658 3056 B.
740 3001 874 3055 4ardore
893 3016 943 3054 om.
963 2999 995 3054 P.
1028 3015 1072 3053 res
1090 2998 1136 3051 dei

124 3071 198 3124 esset
216 3069 252 3126 R.
326 3069 483 3124 6inlicitos
502 3070 537 3126 L.
617 3072 759 3126 uindicta
777 3071 852 3126 ΒΕ,
881 3069 1005 3124 indicata
1023 3068 1057 3122 L.
1087 3069 1135 3122 sed

123 3139 255 3196 indicatis
274 3141 310 3196 B.
370 3141 561 3210 8voluptatis
579 3141 613 3196 L.
675 3149 707 3197 10
726 3140 852 3196 libidinis
870 3139 947 3195 LR.
975 3137 1136 3193 huiusmodi

126 3210 202 3266 PB.
294 3217 326 3265 13
352 3210 471 3280 imperio
497 3210 532 3264 L.
630 3213 762 3267 reverta
786 3212 867 3266 micis
891 3212 1001 3265 inclusa
1026 3210 1136 3264 addidit

124 3280 262 3337 Rteberer.
350 3288 382 3336 16
401 3299 451 3337 vos
474 3297 524 3336 om.
549 3281 584 3336 L.
668 3288 700 3336 18
720 3282 796 3363 cum]
821 3281 894 3335 enim
918 3281 953 3335 B.
986 3279 1076 3333 beluis
1099 3280 1135 3334 R.

124 3352 225 3406 niellus
248 3353 282 3408 L.
290 3353 324 3408 P.
353 3351 471 3406 mortuis
489 3351 524 3407 B.
617 3351 847 3407 1sseniend1B.
939 3357 973 3405 20
992 3350 1136 3405 rationali-

123 3423 176 3475 bus
195 3422 231 3479 R.
300 3430 332 3478 21
352 3422 530 3478 rationabilis
548 3424 582 3478 L.
651 3427 685 3477 22
704 3422 919 3493 perstringimus
937 3423 972 3477 L.
1041 3426 1074 3476 23
1093 3421 1135 3476 in-

123 3492 263 3619 ptigappur
281 3494 316 3549 B.
372 3498 420 3618 21Ξᾖ
426 3494 534 3564 sopitas
548 3495 669 3565 occipitia
688 3492 809 3563 sospitas
825 3494 859 3548 P.
879 3493 971 3563 sopita
985 3491 1061 3550 L.B.
1081 3492 1136 3548 lor·

138 3563 181 3618 ior
230 3563 375 3620 ,inhibet
422 3607 427 3620 .
