2650 3920
159 199 223 264 146
560 199 682 256 'LIBER
699 199 746 254 111.

157 362 373 427 internuntius
396 361 460 426 huo
483 361 618 428 adveni?
655 361 700 427 nt
722 363 835 447 regina
856 365 932 446 post
954 362 1049 429 haee:
1075 363 1167 430 ‘Esto

157 450 259 534 sane‚'
289 449 409 536 inquit,
437 448 635 535 ‘Antigonus
666 450 752 534 apud
779 454 917 531 eeteros,
947 451 1029 516 mihi
1058 455 1167 516 tamen

155 560 242 605 nunc
264 537 448 604 Alexander
475 559 531 602 rex
559 537 632 603 eris.
677 537 792 624 Neque
814 539 959 603 nesciens
987 539 1020 604 id
1047 539 1167 624 habe03

156 627 243 691 haud
274 626 420 692 differam
450 625 704 710 probationem'
758 625 804 691 Et
834 647 908 704 cum
938 627 1024 692 dioto
1054 629 1168 712 adpre·
1188 639 1233 692 61.

129 715 299 787 shendens
329 715 364 779 in
397 714 510 799 penita
536 714 685 799 perducit
721 715 862 798 olimque
894 717 1058 800 provisam
1087 717 1166 782 ima·
1315 713 1316 726 ¹

156 804 265 889 ginem
292 803 442 869 ostendit.
488 800 704 887 ‘Agnoscisne
711 800 731 886 ‚'
763 803 823 887 ait,
851 801 1047 869 ‘Alexandri
1069 805 1167 890 illius,

156 913 250 976 quem
274 892 405 956 mentiri
427 913 495 956 non
516 895 625 975 potes,
653 890 794 955 faciem?
840 890 903 957 Sed
934 892 1089 976 quidnam
1120 895 1168 959 in·

154 979 319 1045 tremuisti
340 983 409 1044 tam
428 979 554 1063 trepide
573 978 691 1063 quidve
712 979 854 1044 turbaris
879 1002 917 1044 ex
936 979 1051 1045 vultu?
1091 980 1167 1047 Non

155 1069 211 1132 ille
230 1072 267 1134 tu
285 1067 459 1155 Persarum
476 1071 593 1152 potens
613 1066 670 1132 es?
693 1089 759 1132 non
778 1067 891 1134 Indiae
911 1068 1081 1142 dominus?
1101 1093 1167 1135 non

115 1189 141 1228 10
155 1157 210 1240 qui
242 1157 308 1233 iam
341 1157 498 1220 orientem
531 1176 660 1220 omnem
693 1156 885 1241 trophaeum
918 1161 1010 1221 tuum
1043 1158 1168 1244 feceris,

154 1245 285 1310 Parthis
309 1248 342 1308 et
364 1242 467 1307 Medis
481 1242 704 1327 imperitans?
744 1244 797 1308 An
820 1267 897 1310 vero
921 1250 953 1309 te
976 1245 1074 1329 pudet
1097 1246 1167 1311 sine

153 1332 274 1398 militia
296 1332 347 1397 vel
371 1332 576 1418 expeditione
603 1334 637 1397 in
665 1355 780 1398 manus
807 1334 947 1399 feminae
975 1334 1167 1400 devenisse?

155 1420 260 1497 Quare
282 1420 404 1500 conice,
428 1442 559 1504 quaeso,
582 1421 659 1505 quid
682 1425 714 1485 te
739 1423 858 1487 iurarit
879 1426 937 1487 tua
960 1422 1018 1486 illa
1040 1422 1166 1488 famosa

153 1508 338 1594 prudentia,
366 1530 440 1576 curn
467 1530 551 1575 nune
574 1507 755 1575 Candacen
783 1511 834 1576 tui
860 1510 978 1576 videris
1006 1510 1165 1575 sollertio-

113 1629 139 1671 15
153 1621 231 1664 rem.
280 1597 371 1674 Quod
403 1597 504 1683 igitur
530 1597 593 1662 huo
624 1599 757 1681 attinet,
788 1598 1015 1684 adrogantiam
1045 1598 1162 1663 nimiae

152 1686 346 1770 prudentiae
369 1687 435 1750 iam
458 1685 632 1769 deponito?
977 1763 980 1768 Ι

243 1773 303 1839 39.
339 1774 430 1839 Haec
462 1775 520 1839 illa
552 1773 678 1838 dicente
709 1795 768 1838 nec
795 1774 887 1838 vultu
916 1778 1065 1839 constare
1086 1775 1163 1839 Ale·
1183 1783 1231 1835 62.

153 1861 282 1945 rander,
305 1861 505 1945 quinetiam
528 1859 710 1925 infrendere
733 1860 884 1924 dentibus
902 1862 1083 1928 videbatur.
1120 1862 1165 1928 Et

153 1949 266 2033 regina
294 1947 480 2013 subridens:
509 1946 610 2024 ‘Quid
637 1952 669 2012 te
697 1947 812 2031 iuvat,'
841 1950 961 2032 inquit,
985 1948 1082 2015 ‘haec
1108 1955 1165 2015 tua
1311 1995 1312 2000 κ

112 2069 140 2108 20
153 2037 253 2102 tacita
281 2036 464 2122 indignatio
491 2036 537 2101 sic
563 2036 759 2101 saevientem
785 2036 851 2117 vel,
884 2037 912 2100 si
940 2037 1090 2121 mavelis,
1116 2040 1164 2102 in·
1307 2055 1313 2139 ἶ

153 2126 332 2191 seuientem
340 2123 378 2190 Ψ.
405 2125 457 2190 Ad
480 2125 561 2190 haee
584 2125 639 2189 illo
659 2122 746 2188 ‘Una
764 2124 975 2189 mihi-nam
995 2147 1071 2190 sane
1089 2148 1163 2209 pro·

152 2214 308 2280 fitendum
333 2217 383 2278 est
396 2212 447 2260 —'
473 2213 528 2298 ait,
551 2211 614 2278 ‘vel
632 2213 775 2277 maxima
793 2213 975 2298 indignatio
995 2218 1054 2296 est,
1077 2215 1164 2299 quod

152 2303 233 2368 mihi
257 2302 385 2388 gladius
409 2324 500 2367 meus
522 2302 585 2367 huc
608 2323 716 2367 comes
739 2322 804 2367 non
834 2301 897 2367 sir?
944 2301 1006 2368 ‘Et
1034 2305 1164 2367 cuinam

152 2391 246 2474 usui‚’
265 2391 379 2477 regina
393 2390 569 2475 respondit
587 2389 744 2475 ‘gladium
758 2390 817 2455 tibi
836 2411 923 2455 nuno
937 2389 1163 2475 requisisses?

111 2511 137 2551 ss
152 2481 198 2545 At
226 2481 294 2545 ille:
325 2478 437 2556 ‘Quod
466 2480 551 2544 onim
580 2479 614 2544 in
641 2479 864 2544 huiuscemodi
892 2483 1038 2563 tempore
1067 2484 1163 2564 atque

151 2570 248 2634 rebus
271 2569 380 2654 regale
404 2568 578 2632 admodum
602 2590 719 2633 munus
742 2568 835 2651 foret,
858 2568 1031 2633 interfecta
1053 2571 1086 2632 te
1110 2590 1162 2632 co-

151 2658 263 2730 mitem
291 2679 343 2720 me
366 2657 564 2741 praemissae
586 2657 685 2720 morti
708 2656 922 2739 praestitisse,
949 2678 990 2720 ne
1014 2655 1090 2739 quid
1119 2656 1162 2719 sit

151 2744 285 2828 foedius,
304 2745 389 2828 quod
403 2745 597 2830 praeteritas
615 2747 747 2809 nostras
762 2745 883 2830 glorias
898 2741 1160 2808 obumbraverit?

150 2830 321 2916 ‘Aocipi0,'
348 2832 455 2916 inquit
477 2831 637 2917 (landam,
661 2831 911 2917 ‘professionem
935 2831 1067 2917 dignam
1090 2833 1160 2896 viro

136 3043 139 3047 ’
240 3065 348 3140 aunone
362 3058 396 3114 P.
415 3057 522 3140 nomini
536 3060 571 3113 A.
618 3060 705 3114 aaut
723 3053 849 3112 differam
862 3058 898 3113 A.
918 3059 993 3114 haud
1013 3059 1110 3115 differo
1126 3061 1159 3114 P.

149 3131 354 3285 asuero
378 3129 787 3282 ausaausa?
812 3129 1161 3282 cassanen

151 3273 400 3410 {illaitfflpqffiteqn
418 3288 506 3395 omqe1
518 3270 670 3397 dided‘lm
690 3271 757 3340 qurd
776 3285 832 3325 ram
850 3287 880 3323 m
899 3273 1006 3325 oriente
1026 3287 1108 3325 omne
1126 3273 1159 3326 P.

238 3411 285 3466 39.
314 3417 347 3467 19
366 3413 416 3467 tua
426 3414 461 3466 A.
480 3414 524 3467 tur
533 3414 566 3468 P.
603 3419 637 3468 23
657 3413 727 3467 mihi
745 3411 855 3482 gladius
875 3413 917 3467 tis
935 3413 1067 3482 saraptam
1085 3414 1117 3467 in
1126 3413 1158 3468 P.

152 3483 187 3531 24
205 3481 321 3550 requiris
334 3483 367 3535 P.
410 3489 444 3538 27
464 3484 682 3553 praestitissent.
702 3481 906 3554 praestitissem
919 3484 953 3537 P.
991 3490 1025 3538 29
1044 3484 1159 3553 Accipio

151 3564 219 3601 corr.
237 3565 271 3602 ex
289 3551 394 3618 Accipe
413 3553 449 3608 A.
