2646 3934
265 226 446 305 EPISTOLA
463 223 678 280 arannem
696 223 746 279 AD
764 223 1033 282 nalsnornnnn.
1091 222 1155 286 199

142 394 250 456 castra
279 388 314 453 in
341 391 476 474 longum
503 389 624 474 viginti
653 388 794 473 quinque
822 387 928 452 stedia
956 386 1157 472 totidemque

141 479 298 544 inlatum
317 477 475 543 collocare
493 477 583 542 iussi.
617 476 741 553 Quibus
761 477 908 542 celeriter
927 476 1043 540 erectis
1061 475 1157 540 iubeo

141 567 233 633 caedi
256 588 380 650 nemus,
402 571 440 629 ut
457 565 585 630 facilior
605 565 815 649 aquatoribus
838 569 924 628 esset
944 585 1091 628 accessus
1116 565 1157 628 ad

142 662 307 740 stagnum,
330 654 416 739 quod
435 655 565 720 unicum
589 655 623 720 in
642 654 708 718 illis
727 653 915 739 regionibus
935 656 1014 719 erat.
1049 652 1157 737 Igitur

140 746 227 809 inter
249 745 322 829 ipsa
343 743 487 809 tentoria
505 743 770 828 aggregabuntur
788 741 1020 826 impedimenta
1042 745 1076 804 et
1093 742 1181 808 ele-s

140 833 257 919 phanti
280 837 313 896 et
335 833 369 895 in
392 832 498 896 media
522 836 701 896 castrorum
724 835 816 915 parte
839 830 1096 912 collocabantur,
1119 833 1157 894 ut

113 931 115 938 ⁴
142 921 249 1006 aptius
279 920 439 985 contineri
468 923 616 1005 possent,
650 921 678 986 si
712 919 783 1004 quir
815 923 976 985 nocturno
1008 922 1156 1002 tempore

141 1011 281 1074 oriretur
303 1030 406 1093 pavor
427 1009 649 1095 tumultusque
679 1009 796 1094 aliquis
818 1030 936 1090 novun,
964 1027 1036 1072 cum
1065 1007 1155 1071 mille

141 1099 312 1182 quingenti
333 1099 426 1182 ignes
451 1098 649 1162 extrinsecus
674 1101 784 1163 essent
808 1097 947 1181 accensi,
974 1095 1155 1161 sufficiente

141 1189 224 1252 silva
248 1191 405 1271 quantum
429 1187 595 1252 vellemus.
1168 1202 1196 1243 ro

230 1275 322 1340 Hora
340 1274 454 1339 deinde
473 1275 643 1339 undecima
662 1277 805 1339 testante
819 1273 938 1339 bucina
957 1272 1064 1338 cibum
1083 1272 1155 1356 ipse

140 1363 211 1448 cepi
226 1369 259 1428 et
272 1363 432 1428 militibus
447 1364 527 1428 meis
546 1384 661 1446 capere
675 1363 842 1448 imperavi,
862 1362 1006 1428 accensis
1025 1360 1154 1446 lychnis

141 1453 247 1517 aureis
278 1453 450 1517 admodum
481 1451 648 1517 duodecim
679 1450 828 1552 milibus,
858 1472 930 1515 eum
961 1450 1001 1515 ad
1031 1450 1154 1533 primos

141 1542 237 1606 lunae
261 1541 426 1606 radiantes
451 1543 541 1605 ortus
565 1539 673 1604 subito
697 1543 783 1603 erect
783 1539 811 1603 is
769 1539 1010 1603 tcaudarum
1034 1537 1153 1602 aculeis

141 1630 398 1718 apascualibua
431 1627 536 1693 Indici
568 1627 754 1712 scorpiones
786 1632 973 1693 consuetam
1005 1629 1153 1711 petentes
1169 1643 1196 1684 1⁵

140 1719 349 1802 aquationem
380 1717 419 1781 ad
450 1721 520 1782 cast
522 1739 558 1781 ra
586 1716 747 1781 innumeri
778 1717 1014 1798 confluxerunt,
1043 1719 1154 1779 utrum

141 1808 283 1871 tumultu
306 1807 400 1871 acciti
424 1810 536 1870 nostro
561 1827 604 1870 an
627 1805 692 1888 siti,
715 1807 874 1870 incertum
898 1809 977 1888 erat,
1000 1825 1037 1868 ac
1061 1804 1090 1868 si
1113 1803 1154 1867 ad

140 1895 321 1961 nocendum
340 1894 586 1979 promptissima
609 1896 695 1958 sunt.
732 1891 822 1958 Haec
838 1853 1018 1978 prodigia
1008 1895 1155 1956 mseouta

140 1989 190 2049 est
208 1985 366 2048 immensa
379 1983 428 2049 vis
448 1987 645 2047 cerastarum
666 1982 936 2067 humidorumque
955 1981 1154 2065 serpentium

89 2095 91 2100 ’
139 2073 237 2138 variis
261 2073 413 2138 distincta
441 2072 614 2138 coloribus.
659 2069 746 2135 Nam
774 2070 932 2155 quaedam
961 2067 1152 2135 rubentibus
1167 2087 1195 2127 so

140 2161 283 2245 squamis
304 2167 405 2244 erant,
424 2160 583 2244 quaedam
601 2160 688 2244 nigri
708 2165 741 2224 et
759 2159 888 2224 candidi
907 2160 1036 2241 coloris,
1060 2180 1154 2243 quae-

140 2249 216 2313 dam
240 2251 311 2314 euri
334 2248 456 2331 fulgori
479 2249 662 2313 consimiles
686 2247 952 2330 inspiciebantur.
991 2245 1155 2310 Sibilabat

139 2340 211 2400 tota
234 2339 324 2420 regio
349 2357 415 2400 non
438 2357 574 2419 parvum
597 2337 693 2399 nobis
717 2335 891 2400 inferentes
916 2339 1049 2400 metum.
1092 2333 1154 2399 Sed

140 2425 281 2490 frontem
305 2428 485 2489 castrorum
510 2424 721 2489 densaveram
745 2424 857 2508 clipeis
886 2427 918 2488 et
945 2424 978 2487 in
1003 2423 1154 2488 manibus

140 2515 258 2599 longas
277 2513 478 2578 habebamus
498 2512 573 2575 hast
559 2516 620 2596 tas,
644 2533 780 2596 quarum
800 2511 998 2577 acutissimis
1018 2512 1195 2595 spiculisne

140 2602 245 2666 malas
259 2605 333 2685 pest
334 2623 368 2666 es
383 2600 686 2684 configebamus,et
653 2601 834 2687 signibus
848 2601 959 2685 plures
978 2600 1152 2684 aliquando

138 2692 345 2756 necabamus
396 2689 486 2766 Quae
514 2710 565 2754 res
593 2711 653 2754 nos
682 2711 785 2774 prope
812 2691 891 2754 dues
921 2687 1060 2754 horas
1050 2711 1084 2754 ιιι
1114 2710 1152 2754 eo

140 2801 237 2863 opere
268 2779 424 2844 sollicitos
454 2778 568 2842 tenuit
622 2778 685 2843 Pot
687 2783 741 2843 ata
773 2800 858 2863 aqua
890 2779 1032 2844 minores
1063 2779 1153 2843 abire

139 2872 328 2952 coeperunt,
357 2873 522 2950 serpentes
547 2870 657 2930 autem
684 2867 823 2932 maiores
847 2889 920 2932 oum
947 2867 1072 2950 ingenti
1096 2889 1152 2930 no·

25 2954 27 2962 '
139 2960 210 3021 stro
235 2957 352 3040 gaudio
375 2956 519 3020 latebras
543 2956 717 3039 petierunt.
1167 2974 1195 3013 so

230 3163 370 3238 lviginti
393 3165 529 3237 quinque]
552 3163 630 3219 XXII
654 3165 693 3220 H.
766 3171 782 3218 2
807 3164 940 3220 collocari
964 3165 1006 3220 H.
1076 3165 1153 3220 tad

140 3239 270 3308 stagnum
290 3235 377 3308 quod]
398 3237 433 3290 ad
452 3237 555 3290 flumen
569 3235 640 3317 quia
658 3236 697 3289 H.
734 3239 750 3288 ὅ
770 3237 976 3319 aggerebantur
992 3236 1030 3292 H
1069 3243 1083 3290 7
1104 3253 1153 3290 no-

140 3311 255 3363 cturnus
274 3308 407 3363 casusH.
449 3313 549 3362 Seum
566 3304 677 3361 iamH.
722 3312 753 3360 11
774 3307 881 3376 etipse
896 3307 934 3360 Η.
978 3313 1010 3361 12
1030 3306 1151 3387 lychnis]

139 3379 318 3449 lampadibus
337 3378 376 3433 H.
434 3383 466 3432 13
486 3377 645 3448 duodecim]
665 3377 774 3431 duobus
793 3378 830 3431 Η.
894 3382 926 3431 15
945 3325 1084 3432 indiciyffi
1113 3375 1154 3429 in-

139 3398 389 3504 dieisLmVMH.
409 3448 602 3503 indicesOMP
642 3446 1153 3502 1eutrumomH.1racs1.oV

140 3520 230 3574 aut'
209 3539 233 3574 ιι
253 3519 320 3576 0.P.
347 3520 396 3574 sed
414 3520 453 3574 H.
519 3525 552 3574 18
568 3518 778 3642 promptissimi
796 3520 875 3572 erant
893 3518 932 3572 H
997 3523 1030 3571 22
1050 3517 1156 3586 fulgori

143 3591 226 3647 GMM
235 3593 272 3647 H.
299 3590 419 3662 fulgoris
438 3590 506 3647 0..P
536 3591 628 3644 colore
647 3591 680 3644 L
754 3594 789 3643 24
807 3588 992 3643 densabamus
1011 3588 1051 3642 H.
