2650 3920
492 204 609 262 Acrus
626 205 851 261 ALEXANDRI.
1125 205 1168 270 85

92 365 98 373 ’
154 372 243 436 ceret
272 368 527 435 secundaturum.
579 367 617 432 Id
647 390 721 434 oum
752 368 803 432 die
830 370 953 433 statuto
982 367 1168 436 Alexander

153 459 330 524 hausturus
359 457 458 542 foret,
486 457 571 522 forte
599 456 794 522 Parmenion
824 455 955 540 quidam
986 477 1003 521 e
1033 456 1168 524 ducibus

154 546 256 632 regis,
294 546 379 611 enim
411 546 550 612 infestus
583 545 735 631 Philippo
768 545 908 628 modico,
945 544 1168 612 huiuscemodi

155 634 333 700 sententiae
352 633 537 700 Alexandro
560 633 689 700 litteras
708 634 821 718 mittit,
843 633 961 718 quibus
979 632 1167 719 Philippum

153 723 240 789 hunc
270 723 472 789 clandestina
501 725 661 789 tractasse
688 745 762 789 cum
789 721 890 787 Dario
919 720 1055 787 consilia
1081 743 1194 787 com-s

153 815 308 896 moneret,
326 811 376 877 uti
394 833 453 897 per
466 813 618 896 poculum
637 811 735 877 saluti
750 809 928 877 Alexandri
947 809 1168 893 insidiaretur,

154 900 223 965 eius
253 901 300 966 rei
330 899 510 966 mercedem
537 900 689 986 Philippo
718 899 805 984 fore,
834 904 872 964 ut
902 918 1048 964 sororem
1075 898 1169 963 Darii

152 993 343 1073 partemque
372 989 464 1075 regni
497 1011 570 1055 eum
600 987 699 1054 Dario
733 989 929 1075 pepigisset,
960 986 1038 1053 boni
1067 986 1168 1072 igitur

154 1077 338 1143 consuleret
365 1099 422 1142 rex
450 1081 483 1143 et
513 1079 555 1142 ab
585 1077 642 1143 illa
670 1077 848 1144 curationis
877 1097 934 1161 spe
961 1080 1167 1160 temperaret.

155 1164 352 1249 Suspectans
376 1163 559 1232 Alexander
581 1165 729 1250 proinde,
752 1170 789 1232 ut
811 1187 863 1231 res
887 1168 971 1249 erat,
995 1165 1167 1248 epistolam
1180 1187 1207 1230 ro

153 1255 282 1338 quidem
314 1254 494 1337 intrepidus
526 1254 619 1319 vultu
651 1259 685 1320 et
715 1255 824 1319 animo
857 1252 899 1320 ad
930 1258 1028 1338 caput
1057 1252 1168 1320 lectuli

152 1343 302 1427 protinus
329 1343 432 1427 pouit.
478 1340 622 1427 Accepto
651 1344 759 1407 autem
782 1344 911 1426 poculo,
940 1363 1014 1408 oum
1041 1342 1075 1406 id
1102 1341 1168 1407 iam

153 1432 284 1497 haustui
308 1431 519 1515 admovisset,
547 1430 660 1495 eodem
683 1437 849 1496 momento
873 1429 972 1495 etiam
995 1430 1168 1514 epistolam

152 1520 305 1605 Philippo
328 1519 501 1607 legendam
525 1518 589 1583 dat.
635 1517 780 1601 Cumque
806 1540 871 1583 uuo
899 1519 948 1582 in·
961 1522 1108 1601 tempore
1136 1521 1170 1582 et

152 1609 207 1674 ille
230 1611 358 1693 potum,
388 1628 483 1695 quem
507 1610 687 1692 acceperat,
712 1605 950 1671 transmisisset
978 1609 1011 1670 et
1037 1605 1092 1670 hio
1114 1606 1208 1670 lit-1⁵

152 1701 240 1762 teras
263 1696 465 1782 perlegisset,
489 1696 584 1761 facile
608 1695 696 1760 dedit
719 1694 844 1761 medico
861 1694 1068 1778 intellexisse,
1091 1695 1168 1779 quid

154 1786 193 1850 de
216 1785 389 1850 sedulitate
417 1784 671 1868 eiusopinionis
698 1783 877 1849 habuisset.
922 1783 1070 1868 Denique
1094 1803 1168 1848 oum
1284 1837 1291 1846 .

153 1874 278 1939 curatio
305 1874 364 1939 illa
393 1873 434 1939 ad
463 1874 639 1958 pristinum
670 1876 792 1939 statum
820 1873 1041 1938 Alexandrum
1070 1871 1166 1937 dedu·

151 1962 253 2027 xisset
279 1961 513 2048 Philippusque
545 1962 703 2028 ultionem
735 1961 894 2028 mendacii
920 1961 1099 2046 flagitaret,
1131 1965 1168 2026 ut

151 2051 324 2117 insidiatus
346 2053 417 2136 regi
439 2050 611 2116 Parmenio
634 2072 757 2135 poenas
781 2053 887 2134 capite
910 2049 1070 2135 dependit.
1180 2071 1207 2115 so

243 2138 301 2208 25.
351 2139 460 2226 Igitur
496 2142 627 2224 recepta
662 2138 848 2204 valetudine
885 2137 1070 2203 Alexander
1108 2158 1167 2220 per
1184 2146 1231 2204 IX.

151 2226 266 2293 Medos
297 2229 474 2293 exercitum
503 2229 622 2292 ducens
652 2228 714 2291 iter
743 2226 825 2290 illud
853 2226 965 2290 multis
993 2224 1168 2290 admodum

33 2379 36 2384 Α
153 2315 267 2380 diebus
294 2336 352 2399 per
382 2315 510 2380 deserta
537 2315 680 2399 regionis
709 2336 856 2380 emensus
885 2318 936 2378 est
967 2314 1168 2400 multamque

154 2423 257 2487 aquae
284 2403 452 2486 penuriam
482 2403 643 2470 toleravit.
693 2402 838 2467 Tandem
869 2402 1006 2488 denique
1034 2402 1074 2465 ed
1103 2399 1167 2466 Eu·

152 2491 305 2575 phratem
329 2490 635 2572 veniens,·fluvium
658 2490 883 2577 magnitudine
905 2490 992 2555 haud
1017 2491 1166 2576 cuiquam
1180 2510 1207 2552 as

152 2579 248 2645 facile
267 2580 453 2664 secundum,
475 2599 577 2665 eoque
596 2583 761 2644 constrato
780 2579 919 2644 navibus
939 2582 1037 2662 atque
1057 2580 1167 2662 ponte,

153 2689 217 2752 quo
244 2669 308 2733 iter
335 2669 402 2734 suis
430 2667 671 2733 incunctantius
698 2668 919 2752 persuaderet,
946 2667 1070 2751 primus
1099 2689 1165 2733 om·

151 2758 241 2823 nium
266 2761 401 2840 pontem
429 2778 578 2822 emensus
607 2757 836 2822 auctoritatem
864 2757 988 2822 cunctis
1014 2755 1166 2822 audaciae

152 2847 327 2930 praestitit.
373 2845 470 2912 Omni
497 2846 598 2931 igitur
624 2845 691 2910 iam
718 2845 928 2911 multitudine
955 2845 1166 2930 impedimen·

151 2935 259 3018 tisque
290 2935 491 3000 transmissis
523 2934 612 3001 illico
641 2935 722 3001 solvi
749 2937 882 3019 pontem
909 2937 1165 3019 compactarum·
1180 2953 1208 2997 ao

153 3044 215 3109 que
244 3024 285 3088 ob
312 3023 347 3087 id
373 3022 505 3089 navium
533 3023 624 3088 iubet
650 3023 790 3089 vincula.
835 3022 874 3088 Id
903 3046 976 3090 curu
1007 3023 1166 3089 exercitus

151 3231 213 3268 cum
236 3216 394 3284 deperierit,
423 3216 467 3270 tte
491 3215 592 3284 incepit
614 3230 716 3286 mayoc
738 3217 851 3280 sedecim
869 3217 1042 3284 popinarum
1065 3216 1168 3270 lacuna

151 3287 184 3338 iu
201 3285 237 3340 A.
293 3286 478 3340 thausturus
497 3286 554 3342 Mr.
578 3286 715 3340 hausurus
734 3287 766 3341 P.
826 3285 964 3354 squibus
978 3285 1035 3340 Mr.
1060 3299 1115 3352 qua
1130 3285 1165 3340 P.

153 3361 169 3410 '1
185 3356 340 3411 mercedem
348 3356 405 3412 Mr.
419 3358 546 3412 mercede
554 3357 588 3412 P.
628 3362 660 3412 10
673 3357 792 3425 proinde
802 3357 835 3412 P.
850 3355 987 3426 perinde?
1006 3356 1040 3409 cf.
1051 3355 1167 3410 Hermes

154 3425 260 3480 XXII
272 3443 302 3496 p.
318 3433 384 3484 628.
423 3433 456 3482 1s
476 3428 574 3483 codem
592 3445 643 3498 per
661 3431 803 3483 momento
816 3427 850 3482 P.
888 3432 922 3480 20
941 3425 1117 3496 parmenium
1131 3425 1165 3480 P.

243 3495 291 3553 25.
310 3502 344 3552 25
364 3498 493 3566 cuiquam
513 3497 578 3554 Ood.
599 3498 650 3554 Oa.
679 3497 778 3565 cuique
798 3499 832 3551 P.
906 3502 939 3552 27
959 3495 1165 3551 incunctantius

152 3565 218 3623 Coc.
240 3567 291 3622 Ox.
318 3569 545 3624 inconstantibus
566 3568 599 3623 P.
