2654 3926
504 186 623 243 ORTUS
642 187 864 245 ALEXANDRI.
1147 187 1190 252 35

176 352 321 416 dentium
340 351 387 414 ire
407 351 574 434 aliquanto
590 350 788 415 contractius
809 352 886 415 sirit
901 352 1043 416 ambitus
1063 351 1191 417 lineam.

176 439 283 516 Quare
311 439 488 505 facesserat
511 439 775 526 magnificentiae
800 440 911 505 animo
940 441 1191 524 contemplatae.

175 528 428 612 longitudinem
439 529 569 612 quidem
580 528 653 592 urbi
663 531 817 612 procurat
827 529 867 592 ab
879 550 916 592 eo
927 529 1008 613 loco,
1020 531 1072 594 cui
1081 528 1189 594 Draco

173 639 294 681 nomen
318 621 426 680 est-
449 621 499 682 est
522 620 629 681 autem
652 638 729 700 pars
754 617 931 699 supradicti
955 617 1122 701 Taposiris
1149 655 1187 664 —-

174 727 275 789 usque
291 705 330 770 ad
346 705 462 790 locum,
482 706 533 770 cui
547 704 859 788 Agathudaemonos
875 705 1053 790 appellatio
1071 710 1190 772 manet.
1205 727 1218 766 5

174 793 355 858 Latitudini
379 816 455 858 vero
481 794 632 878 indulget
660 816 679 858 a
707 793 840 877 Canopo
871 815 972 879 usque
1003 793 1042 858 ad
1073 796 1191 878 locum,

174 883 230 966 qui
257 881 436 965 Eurylochi
464 883 515 946 vel
544 881 761 946 Melanthium
790 882 918 948 dicitur.
963 883 1059 947 Iubet
1087 883 1190 968 igitur

173 992 295 1054 omnes
320 973 438 1055 quique
460 993 518 1055 per
541 971 700 1035 ambitum
720 993 821 1056 usque
846 972 885 1036 ad
905 971 1047 1055 lapidem
1066 972 1189 1036 tricesi-

172 1082 262 1123 mum
286 1061 476 1138 coluissent,
499 1061 669 1124 universos
694 1060 806 1124 eodem
830 1063 1045 1145 commigrare
1069 1061 1189 1125 locum·

173 1170 234 1232 que
258 1169 401 1233 omnem,
424 1148 507 1212 unde
532 1147 574 1212 ad
598 1148 754 1232 oppidum
778 1150 1017 1232 convenissent,
1041 1171 1118 1214 suae
1143 1149 1187 1213 di·
1205 1170 1230 1209 ιο

172 1235 260 1300 cioni
283 1236 413 1302 servire.
455 1235 500 1300 Et
517 1236 598 1301 haec
618 1237 747 1320 quidem
767 1259 864 1322 super
884 1239 990 1321 spatio
1009 1237 1099 1302 urbis
1122 1238 1190 1302 eius

173 1347 240 1389 acer
264 1347 358 1388 rmus.

241 1348 320 1477 p26.
349 1412 516 1477 Adhibitis
540 1416 647 1476 tamen
671 1433 728 1476 rex
752 1413 954 1499 architectis,
977 1415 1032 1498 qui
1056 1438 1094 1480 ex
1118 1421 1187 1480 arte
1209 1423 1256 1476 23.

170 1501 298 1566 nobiles
329 1507 361 1566 et
390 1500 620 1566 celebratiores
643 1500 863 1585 habebantur,
892 1507 929 1566 ut
952 1501 1123 1568 Cleomene
1150 1505 1188 1568 de

170 1590 336 1656 Naucrato
364 1594 397 1654 et
420 1589 575 1674 Olynthio
599 1587 747 1672 Cratero,
775 1589 905 1654 Herone
934 1590 1232 1676 etiamLiby00,15

171 1678 226 1762 qui
251 1678 448 1743 cumfratre
473 1677 668 1762 Hyponomo
693 1680 772 1763 erat,
796 1679 922 1763 accepit
947 1700 1041 1744 omne
1064 1680 1190 1763 magni-

169 1759 317 1831 ficentiae
341 1767 475 1831 huiusce
499 1771 744 1831 monumentum
772 1768 805 1832 in
836 1789 873 1832 eo
897 1790 993 1851 posse
1017 1772 1089 1832 tuto
1113 1790 1189 1833 con-

170 1857 301 1934 sistere,
333 1856 361 1919 si
392 1860 490 1920 antea
520 1877 617 1938 quam
647 1855 861 1920 fundamenta
891 1857 965 1921 urbi
994 1857 1188 1936 iacerentur,

169 1944 398 2009 subductiones
414 1964 515 2028 aquae
530 1944 819 2028 purgamentisque
834 1946 968 2030 reliquis
982 1950 1188 2030 procuraret3

169 2033 286 2117 quibus
306 2033 427 2119 iugiter
446 2033 568 2098 ablutis
588 2033 805 2117 derivatisque
831 2038 928 2118 atque
951 2035 987 2099 in
1005 2057 1093 2099 mare
1113 2057 1185 2118 per·
1200 2057 1227 2096 so

167 2125 266 2204 petuo
290 2121 511 2186 dilabentibus
534 2142 638 2204 neque
666 2123 821 2187 aedificiis
845 2123 1020 2207 perniciem
1044 2124 1186 2208 aliquam

167 2231 392 2274 remansuram
423 2213 455 2273 et
486 2210 526 2274 ab
557 2207 663 2294 hisce,
696 2232 778 2293 quae
811 2212 1007 2276 intervenire
1038 2234 1185 2277 conrum-

167 2298 273 2380 pendo
303 2299 369 2361 atri
398 2299 539 2381 soleant,
565 2299 738 2382 purgatius
763 2299 918 2382 oppidum
941 2299 1020 2364 iore.
1065 2299 1182 2364 Elabo-

167 2386 249 2449 ratis
272 2385 373 2469 igitur
395 2385 448 2450 his
472 2385 605 2468 cloacis,
630 2386 746 2470 quibus
769 2386 857 2451 haud
879 2387 975 2451 facile
999 2388 1184 2471 capaciores

256 2563 272 2611 2
291 2557 443 2613 facesseret
460 2573 529 2612 corr.
548 2574 581 2612 ca
598 2557 765 2612 facesserari
779 2561 814 2614 A.
846 2561 1054 2628 contemplatae
1072 2561 1179 2642 scripsi.

167 2629 345 2698 contemptat
353 2629 389 2686 A.
427 2645 513 2696 quare
526 2626 720 2682 incessendum
734 2631 812 2684 ratus
828 2648 845 2685 a
859 2629 1070 2700 magnificentia
1085 2649 1179 2688 ammo

166 2701 300 2754 contenta
319 2700 370 2768 (cel
389 2699 547 2768 concepta),
571 2699 778 2769 longitudinem
797 2706 844 2756 etc.
864 2702 936 2757 Mas.
974 2719 1059 2770 quare
1077 2702 1179 2758 faciem

165 2772 342 2826 desideratae
361 2769 589 2839 magnificentiae
608 2769 702 2825 animo
721 2774 915 2843 contemperat
934 2772 1030 2844 Geyer.
1091 2782 1109 2830 4
1126 2774 1179 2831 Ta-

163 2841 239 2912 poris
257 2843 293 2897 A.
340 2841 524 2912 tindulgent
542 2840 611 2896 Ar.
659 2843 859 2898 'IMelantium
877 2851 904 2900 1.
932 2844 1123 2902 Melambium
1141 2846 1177 2903 A.

164 2919 198 2968 10
217 2913 327 2968 dicione
345 2918 373 2966 ’1.
402 2912 518 2968 editioni
536 2912 571 2966 A.
931 2951 936 2966 .

253 2983 302 3038 at.
330 2989 362 3038 13
382 2984 543 3039 architectis
562 2991 588 3038 1.
615 2983 849 3042 architectoribus
863 2986 899 3041 A.
937 2985 1177 3056 qui—habebam·
1215 3014 1217 3017 ·

162 3058 208 3110 tur
226 3056 262 3109 A.
290 3053 617 3123 quisque-habebatur
635 3061 661 3110 1.
737 3061 769 3110 15
790 3057 924 3126 Olynthio
945 3058 1060 3112 Cratero
1079 3058 1179 3126 scripsi

162 3143 223 3180 cum
249 3126 389 3180 Muellcro.
442 3125 550 3194 olyntio
577 3126 691 3181 eratheo
717 3132 744 3182 ’1.
797 3128 931 3197 Olynthio
948 3132 987 3185 ¹et
1011 3128 1115 3182 Erateo
1141 3128 1177 3182 A.

161 3196 267 3265 Libyco
285 3197 392 3264 screbat.
417 3195 480 3251 libii
493 3197 528 3251 A.
552 3194 605 3251 libi
623 3203 650 3250 1.
725 3204 758 3253 16
777 3199 912 3268 Ipomono
927 3206 955 3253 1.
979 3198 1123 3267 Eponemo
1141 3199 1177 3252 A.

162 3284 273 3322 omnem
291 3268 328 3323 A.
374 3273 406 3321 17
426 3267 579 3322 consistere
599 3269 635 3321 A.
661 3269 831 3324 constituere
850 3277 878 3324 1¹.
927 3275 959 3324 18
979 3271 1127 3335 antequam
1149 3274 1176 3323 1.

163 3344 195 3392 19
214 3337 331 3407 reliquis
355 3340 462 3408 scripsi.
495 3337 629 3406 reliquias
647 3340 716 3393 uA.
749 3339 868 3394 residuis
890 3340 986 3410 Geyer.
1018 3338 1177 3407 relinquen-

161 3411 210 3463 das
234 3410 308 3464 Mai.
395 3415 429 3463 20
452 3408 642 3477 derivatisque
666 3417 694 3464 1.
723 3408 907 3478 dirivatisqus
931 3410 967 3465 A.
1056 3414 1089 3464 23
1112 3428 1177 3479 pur·

162 3479 257 3605 glptirp
282 3481 318 3535 A.
355 3482 508 3550 purgatum
533 3486 559 3534 1.
640 3487 676 3535 24
701 3479 863 3549 capaciores
889 3480 948 3536 ulla
973 3488 1000 3538 1.
1038 3481 1177 3549 eaptiores

161 3567 212 3604 ra
259 3593 265 3606 .

978 3639 1015 3691 3*
