2650 3920
152 189 216 254 138
568 188 740 243 arenam.

152 350 179 416 si
204 351 259 435 qui
283 373 356 416 cum
379 351 450 435 ipso
476 355 640 433 venerant,
664 352 940 435 comprehendunt
959 354 1162 440 offeruntque

149 439 354 522 Ptolomaeo,
386 440 437 504 cui
468 443 717 523 cognomentum
741 438 835 505 Soter
865 445 946 526 erat3
977 443 1045 506 eius
1076 444 1162 508 enim

150 527 294 611 dignitas
314 527 417 593 veluti
436 529 576 593 secunda
598 533 674 611 post
696 529 783 614 regis
804 529 963 594 ambitum
982 531 1161 598 videbatur.

151 615 244 692 Quod
268 617 369 701 igitur
391 616 575 681 Alexander
601 617 636 680 id
658 618 758 682 horae
787 639 900 682 somno
927 642 986 702 per
1009 620 1093 684 diem
1116 625 1163 685 te-

123 707 296 788 meretur,
328 705 537 770 Ptolomaeus
566 707 692 789 quaerit
725 727 764 770 ex
795 706 941 791 homine,
973 712 1044 791 quis
1075 712 1161 774 esset

150 815 270 876 quasve
300 793 434 858 haberet
467 814 580 859 causas
617 794 778 877 repentini
813 794 899 858 illius
939 801 1161 880 superventus.

148 881 202 945 Ad
223 883 305 946 haec
329 880 509 947 Candaules
534 883 684 964 opinatus
708 903 818 968 regem
840 882 1066 950 Ptolomaeum
1091 908 1160 951 sese

150 971 197 1033 ait
226 991 296 1035 esse
327 969 455 1054 quidem
483 970 588 1035 filium
617 972 749 1054 reginae
779 970 956 1056 Candaces3
990 973 1045 1038 sed
1074 975 1160 1039 enim

150 1079 219 1123 sese
242 1081 307 1123 una
331 1081 402 1123 cum
422 1059 558 1142 coniuge
578 1059 705 1124 civilius
729 1063 761 1124 et
783 1061 975 1126 incuriosius
999 1062 1039 1126 ad
1063 1064 1160 1128 sacri-

110 1167 135 1206 ιο
149 1146 258 1212 ficium
274 1169 415 1211 annuum
436 1147 683 1212 contendentem
698 1147 910 1233 Amazonum,
930 1155 1160 1234 superventum

149 1257 167 1298 a
186 1235 323 1319 quodam
340 1235 573 1320 Bebryciorum
592 1239 731 1320 tyranno
746 1259 844 1302 uxore
858 1239 1029 1321 privatum,
1049 1261 1159 1304 omnes

148 1323 285 1406 denique
308 1323 466 1408 militum,
495 1324 549 1407 qui
573 1347 637 1389 una
661 1347 769 1390 secum
791 1326 934 1410 fuerant,
962 1327 1159 1393 interfectos

148 1410 255 1487 Quare
279 1413 483 1477 commodum
509 1435 595 1477 nunc
618 1415 760 1478 numeris
785 1415 991 1501 congregatis
1016 1415 1100 1480 hanc
1123 1437 1158 1481 se

147 1501 255 1565 moliri
278 1501 437 1585 militiam,
461 1503 509 1566 uti
532 1502 651 1567 ultioni
675 1504 864 1568 consuleret.
1314 1577 1315 1582 η

107 1608 133 1649 15
237 1587 294 1655 31.
337 1589 398 1654 His
435 1591 608 1672 compertis
644 1591 852 1656 Ptolomaeus
889 1591 930 1656 ad
965 1613 1075 1676 regem
1110 1593 1158 1657 in-
1178 1603 1223 1654 50.
1308 1607 1315 1640 a

146 1677 269 1760 rumpit
309 1679 402 1761 eique
439 1682 605 1763 comperta
642 1679 875 1762 communicat,
912 1701 993 1763 quae
1030 1680 1158 1764 quidem

146 1770 242 1848 grata
277 1766 462 1831 Alexandro
505 1769 537 1830 et
580 1788 618 1830 ex
659 1771 735 1832 voto
777 1767 921 1832 accidere
957 1769 1159 1835 videbantur.

147 1852 258 1938 Surgit
294 1854 394 1937 igitur
426 1875 443 1916 e
476 1854 596 1918 lectulo
634 1857 665 1917 et
701 1854 850 1918 diadema
882 1857 1031 1939 protinus
1065 1881 1158 1923 suurn

145 1941 180 2004 in
220 1939 400 2005 Ptolomaei
446 1944 543 2024 caput
582 1941 738 2006 transfert
780 1942 1013 2026 chlamydeque
1059 1967 1159 2029 augu-

105 2048 131 2088 ro
147 2028 246 2093 stiore
288 2029 339 2092 vel
379 2028 470 2114 regia
513 2029 751 2093 circumiectum
793 2030 902 2114 egredi
939 2031 1045 2116 iubet,
1086 2038 1157 2097 tum

146 2116 202 2181 ubi
235 2117 358 2202 petitus
398 2139 417 2183 a
456 2115 620 2182 Candaule
658 2138 715 2182 rex
752 2118 838 2197 fuat,
878 2119 918 2183 ad
959 2140 1028 2184 sese
1066 2121 1158 2185 Ant'-

146 2227 268 2291 gonum
299 2206 472 2271 satellitem
502 2205 653 2271 vocitare.
702 2207 766 2271 Pro
795 2229 858 2291 quo
886 2207 1054 2292 Antigono
1085 2231 1157 2275 cum

145 2296 214 2379 ipse
246 2295 432 2359 Alexander
464 2294 653 2360 Ptolomaeo
691 2317 725 2359 se
762 2296 865 2361 veluti
900 2297 1073 2362 satellitem
1102 2300 1156 2364 ob·

144 2383 290 2468 tulisset,
319 2382 415 2468 ‘Ibij
446 2383 567 2469 inquit,
598 2381 731 2448 ‘cuncta
759 2386 840 2449 haec
867 2384 948 2448 mihi
976 2388 1156 2452 comminus

105 2473 243 2537 adicito
277 2475 373 2556 atque
406 2495 425 2537 a
458 2494 509 2537 me
547 2472 717 2537 consilium
755 2495 852 2556 super
887 2495 921 2538 re
953 2475 1156 2559 quaeritato.'

144 2560 196 2626 Ita
228 2564 265 2625 ut
296 2561 411 2626 doctus
444 2565 507 2644 est,
540 2560 746 2627 Ptolomaeus
776 2563 925 2645 protinus
955 2562 1041 2628 facit.
1094 2562 1156 2628 Sed

145 2649 253 2713 cuncti
275 2649 422 2716 videntes
446 2654 480 2714 et
501 2648 726 2715 Ptolomaeum
754 2673 827 2714 cum
850 2651 1034 2736 insignibus
1057 2651 1155 2735 regiis

145 2739 178 2800 et
200 2758 259 2820 pro
285 2739 426 2802 satellite
449 2736 668 2802 Alexandrum
697 2739 919 2824 adsistentem,
949 2760 1076 2804 summa
1103 2762 1155 2805 ex·

234 2915 250 2964 2
273 2910 421 2964 Ptolomeo
445 2911 480 2964 A.
503 2911 668 2980 ptholomeo
693 2913 728 2965 P.
761 2913 948 2981 cognomento
973 2912 1006 2969 P.
1085 2919 1103 2968 4
1126 2913 1156 2968 id

145 2981 230 3035 horae
251 2981 285 3036 P.
309 2981 346 3035 ad
364 2981 449 3036 horae
468 2981 503 3035 A.
577 2986 593 3034 ὅ
611 2983 775 3036 Ptolomeus
794 2984 844 3053 (sic
861 2986 973 3052 suuper)
992 2983 1027 3038 A.
1052 2985 1155 3040 Tholo-

145 3068 223 3107 mens
244 3051 278 3106 P.
334 3059 350 3107 6
370 3054 552 3121 superventus
566 3052 598 3106 P.
623 3053 760 3107 adventus
774 3055 810 3107 A.
862 3060 877 3108 '1
898 3053 1035 3108 Gandales
1054 3056 1086 3110 P.
1107 3058 1157 3125 (sio

144 3123 265 3191 semper).
303 3122 434 3192 opinatur
452 3138 548 3192 regem
567 3138 627 3178 esee
645 3124 842 3180 Ptholomeum
861 3125 894 3179 Ρ.
932 3129 1027 3180 8esse
1047 3143 1077 3180 se
1095 3127 1156 3196 qui·

145 3191 258 3260 quidem
278 3194 312 3247 P.
379 3200 411 3248 10
431 3194 610 3261 Amazonum,
630 3197 830 3264 superventum
847 3197 961 3265 scupea·
986 3200 1155 3265 superventu

144 3265 316 3318 Amazonum
335 3264 371 3320 A.
379 3265 412 3318 P.
487 3270 519 3318 13
538 3265 709 3333 quomodum
727 3265 762 3320 A.
837 3271 871 3319 14
890 3267 1047 3321 confutaret
1064 3267 1100 3323 A.

234 3333 281 3389 31.
303 3340 335 3389 16
354 3336 435 3404 eique
449 3335 483 3390 P.
502 3337 616 3404 atquae
630 3335 665 3392 A.
710 3341 743 3392 17
763 3354 797 3392 ex
810 3338 877 3392 vota
890 3337 922 3392 Ρ.
942 3338 1068 3393 accidere
1082 3338 1154 3394 Mai.

146 3403 277 3457 accedere
287 3406 361 3459 ΔΡ.
407 3412 440 3460 20
460 3406 538 3460 Tunc
549 3407 582 3460 P.
620 3412 653 3461 21
673 3408 861 3476 petitusKa'l.
880 3406 1075 3476 peuiturAP.
1094 3408 1157 3465 fuat

145 3472 252 3536 scripsi.
276 3491 293 3527 a
307 3475 449 3530 Candaule
464 3492 513 3531 rex
527 3477 583 3531 fuit
591 3477 624 3534 P.
647 3478 683 3532 ad
698 3476 867 3533 Candaulem
884 3478 1027 3547 egreditur
1040 3480 1111 3534 lacit
1118 3481 1154 3537 A.

146 3537 183 3590 ad
207 3554 266 3593 sese
291 3559 359 3599 corr.
386 3561 419 3598 cer
444 3563 478 3600 ex
503 3562 562 3601 sese
587 3549 623 3602 A.
709 3553 743 3602 28
770 3549 950 3604 adsistentem
974 3551 1081 3621 scripsi.
1107 3552 1156 3608 ad·
