2654 3926
163 175 253 230 XXIV
383 167 385 174 ¹
560 175 775 231 PRAEFATIO.

164 338 241 403 Iulii
258 337 383 402 Valerii
405 336 543 402 initium.
587 337 627 401 In
650 338 728 403 folio
749 340 792 403 64
814 337 914 422 igitur
936 338 1050 423 incipit
1072 337 1173 403 Iulius

166 425 318 490 Valerius
350 449 368 490 a
397 426 505 490 verbis
537 428 572 491 iu
605 428 650 509 io,
680 428 761 508 quod
788 427 967 509 cupiveram
994 432 1175 492 commeatus

167 514 210 595 (p.
235 515 321 597 6,27
350 520 481 578 nostrae
510 511 690 599 editionis);
719 513 829 578 finitur
855 514 971 578 folium
999 516 1043 579 64
1069 514 1174 579 verbis

167 603 253 666 Nouo
283 607 313 666 et
340 623 403 667 uon
432 598 479 688 (p.
499 604 555 686 16,
569 599 614 687 2).
661 601 812 686 Sequitur
841 601 955 666 folium
983 603 1026 666 65
1056 603 1175 666 codicis

167 691 269 770 4880,
298 690 331 754 in
360 712 423 774 quo
446 689 521 754 Iulii
544 688 669 754 Valerii
696 689 834 755 historia
861 689 982 774 legitur
1008 711 1108 772 usque
1134 690 1174 752 ad

166 778 306 861 f01.80¹;
330 779 443 842 deinde
468 778 613 862 sequitur
631 777 811 842 Alexandri
834 777 971 860 epistola
990 777 1030 841 ad
1049 779 1174 842 Aristo-

165 866 263 930 telem
292 866 330 930 de
358 866 474 931 itincre
503 887 560 929 suo
589 869 622 930 et
650 867 722 930 alia.
767 864 893 929 Desunt
919 865 1019 950 igitur
1046 866 1097 930 vel
1126 887 1174 928 as-

167 960 295 1037 sumpto
324 975 363 1018 ex
393 953 500 1018 codice
524 953 611 1018 5873
639 953 719 1018 folio
744 953 786 1016 64
814 954 921 1036 capita
943 951 1075 1017 I-VlI
1101 953 1176 1018 libri

165 1042 261 1124 primi
290 1042 363 1105 Iulii
387 1040 524 1120 Valerii,
555 1063 636 1125 quae
667 1040 753 1124 quod
781 1041 910 1123 quidem
942 1041 1079 1105 sciamus
1109 1061 1175 1105 non

167 1134 335 1194 servantur
358 1129 422 1193 nisi
445 1130 480 1192 in
504 1129 611 1195 codice
635 1129 836 1192 Taurincnsi.

257 1216 366 1282 (lodex
393 1216 574 1300 Parisinus,
603 1238 798 1300 quamquam
821 1216 1040 1280 Ambrosiano
1069 1221 1176 1282 aetate

166 1304 302 1369 inferior
336 1307 400 1387 est,
435 1308 544 1368 tamen
579 1305 687 1369 indole
720 1326 794 1369 eum
825 1309 949 1388 aequat.
999 1304 1085 1370 Nam
1115 1306 1176 1368 etsi

168 1413 303 1475 magnas
326 1399 444 1475 partes,
468 1392 557 1457 velut
579 1398 683 1457 totam
702 1393 950 1477 descriptionem
971 1392 1082 1476 oppidi
1100 1391 1176 1456 Ale-

167 1479 319 1544 xandriae
343 1480 395 1544 vel
420 1482 487 1545 fere
511 1481 678 1546 dimidiam
701 1485 827 1566 partem
853 1481 1008 1564 epistolae
1037 1480 1077 1543 ab
1100 1480 1176 1543 Ale-

169 1569 290 1633 xandro
316 1567 355 1632 ad
379 1569 590 1635 Aristotelem
614 1571 753 1654 scriptae
776 1571 940 1653 multaque
964 1569 1028 1631 alia
1053 1567 1177 1632 omittit

169 1657 274 1721 aliena
298 1661 420 1742 autem,
443 1659 532 1723 velut
555 1660 661 1742 capita
684 1656 841 1741 quaedam
863 1656 996 1741 Iosephi
1018 1659 1051 1720 et
1071 1655 1177 1720 Orosii

167 1746 355 1829 interponit,
378 1750 488 1808 tamen
511 1745 596 1809 haud
620 1766 693 1808 raro
718 1745 891 1826 genuinam
915 1744 1087 1808 lectionem
1111 1765 1175 1808 ser·

170 1833 266 1896 ravit.
321 1830 484 1896 Nimirum
517 1853 557 1895 nc
589 1833 659 1913 ipse
692 1829 821 1913 quidem
854 1832 1046 1912 corruptelis
1079 1837 1178 1896 caret.

168 1918 229 1983 Sed
258 1919 410 2003 quoniam
441 1920 487 1982 eis
517 1917 611 2001 locis,
642 1917 758 2001 quibus
789 1917 887 1981 lectio
918 1917 1036 1982 codicis
1065 1917 1176 1982 Tauri-

167 2005 275 2069 nensis
300 2010 430 2070 servata
454 2010 517 2088 est,
540 2005 730 2089 saepissime
754 2026 827 2068 cum
850 2004 1040 2068 Taurinensi
1065 2011 1178 2069 contra

173 2094 399 2157 auctoritatem
414 2093 532 2157 codicis
546 2092 757 2157 Ambrosiani
771 2094 929 2177 congruit,
943 2114 1015 2156 enm
1031 2115 1069 2157 ex
1087 2094 1177 2157 fonte

168 2204 248 2264 puro
273 2181 453 2245 derivatum
477 2203 547 2245 esse
570 2184 671 2264 patet.
716 2179 809 2245 Unde
832 2181 985 2262 efficitur,
1013 2185 1049 2244 ut
1077 2182 1176 2245 etiam

168 2270 213 2332 eis
235 2269 330 2351 locis,
360 2269 476 2352 quibus
501 2269 620 2334 codicis
643 2268 852 2333 laurinensis
875 2269 1099 2334 testimonium
1125 2269 1177 2334 dc-

169 2357 335 2439 sideratur‚
359 2379 432 2421 cum
452 2357 688 2422 Ambrosianus
712 2361 746 2422 et
763 2355 928 2422 Parisinus
952 2356 1037 2422 inter
1061 2380 1094 2422 se
1114 2380 1180 2423 cer-

167 2449 250 2527 tent,
281 2445 456 2530 diligentcr
483 2444 728 2528 ponderandum
758 2447 814 2530 sit,
842 2445 908 2510 utri
937 2446 1047 2529 palma
1078 2446 1178 2511 detur.

169 2533 396 2598 Necessarium
424 2535 525 2618 igitur
553 2533 633 2598 mibi
655 2534 760 2598 visum
784 2538 846 2618 est,
874 2535 909 2598 in
938 2539 1096 2618 apparatu
1120 2536 1178 2600 cri·

168 2622 234 2686 tico
264 2644 375 2687 omnes
398 2621 515 2688 horum
538 2623 638 2686 trium
667 2623 826 2704 codicum,
851 2622 1075 2705 Taurinansis,
1099 2623 1178 2686 Am-

168 2709 321 2791 brosiani,
344 2708 491 2788 Parisini‚
515 2711 670 2774 lectiones
694 2710 859 2775 adnotare.

255 2795 316 2861 His
341 2796 487 2882 adiunxi,
513 2819 553 2861 ne
578 2798 655 2881 quid
680 2798 861 2882 neglexisse
890 2817 1054 2881 arguerer,
1082 2796 1178 2861 initio

166 2885 241 2948 libri
264 2885 353 2949 tertii
375 2886 530 2949 lectiones

256 2969 292 3058 4)
319 2972 484 3037 Foliorum
523 2972 657 3038 duorum
695 2971 827 3038 codicis
863 2971 1083 3036 Basileensis
1116 2969 1177 3057 (B)

167 3082 249 3125 saec.
278 3058 327 3124 XI
360 3061 489 3144 scripti,
520 3082 606 3125 nunc
639 3062 805 3144 deperditi.
855 3057 944 3124 Haec
977 3083 995 3123 a
1025 3059 1178 3124 Wacker-

168 3149 298 3233 nagelio
318 3151 448 3232 reperta
467 3153 564 3232 atque
582 3148 616 3212 in
632 3148 737 3213 Diarii
755 3147 954 3233 philologiae
969 3146 1179 3212 Germanicae

170 3240 260 3301 tomo
279 3238 384 3320 primo
404 3234 516 3322 (1869,
539 3259 568 3320 p.
585 3236 774 3321 119-122)
794 3236 954 3319 descripta
972 3239 1054 3302 sunt
1097 3235 1179 3301 Con-

168 3325 275 3388 tinent
302 3325 401 3389 finem
430 3325 545 3409 capitis
580 3324 687 3389 ultimi
717 3324 793 3388 libri
816 3323 847 3387 lI
879 3329 911 3388 et
939 3325 1045 3409 capita
1074 3326 1180 3410 1-3,

170 3413 301 3476 11-14
323 3413 401 3477 libri
420 3412 479 3477 III.

256 3497 293 3586 b)
317 3498 419 3585 Saepe
449 3502 489 3565 ad
518 3501 779 3567 constituendum
807 3505 932 3565 textum
955 3500 1034 3565 Iulii
1056 3500 1180 3568 Valerii
