2650 3920
154 204 220 270 134
570 201 681 258 LIBER
698 202 745 256 111.

152 367 247 449 bore,
281 365 336 432 sed
363 366 475 450 lingua
505 365 691 448 barbarica,
721 364 852 448 eiusque
877 365 1166 448 interpretamenta

151 455 268 520 habuit
291 455 463 538 quisquam
486 454 582 518 nobis
602 456 634 518 et
652 453 826 518 dissertare
846 452 994 518 audebat.
1029 451 1067 516 Id
1092 474 1166 518 cum

152 542 349 608 obstinatius
377 543 499 607 faceret
526 541 764 625 cupiditateque
793 542 882 606 omni
910 541 950 606 ad
979 541 1166 624 significan-

152 632 234 696 tiam
253 631 342 696 vocis
366 631 503 696 emissae
521 651 729 716 properarem
746 629 972 694 interminatus
995 630 1167 712 interpreti

124 741 274 806 snecem,
292 721 355 784 nisi
373 719 485 784 sedulo
504 719 584 783 mihi
597 718 764 804 praedicta
781 721 955 802 narrasset,
972 718 1164 801 perterrita·

153 807 284 873 tandem
311 807 469 872 eiusmodi
499 829 570 872 esse
597 827 789 890 responsum
819 807 945 872 arboris
971 806 1048 872 fert:
1078 806 1165 890 quod

153 897 240 961 enim
263 897 355 962 obitu
378 897 482 961 veloci
505 899 539 960 et
563 917 679 960 occasu
701 896 767 958 iam
790 895 938 978 proximo
962 896 1049 960 ritae
1074 917 1165 960 meae

153 985 261 1068 spatia
283 988 512 1069 urguerentur3
543 1004 677 1067 eamque
701 987 839 1049 mortem
862 1005 928 1048 non
952 983 990 1047 de
1014 984 1165 1068 externis,

154 1073 317 1138 enimvero
337 1073 375 1136 de
394 1073 475 1137 meis
495 1074 527 1136 et
541 1071 698 1155 proximis
712 1071 791 1137 fore.
818 1071 908 1148 Quae
927 1071 1015 1137 dicta
1032 1092 1106 1137 cum
1125 1095 1165 1137 ex

114 1183 140 1223 10
154 1165 271 1226 natura
294 1160 435 1226 hominis
464 1182 573 1224 meum
601 1182 727 1245 quoque
756 1160 899 1225 animum
923 1160 1102 1226 attillarent
1128 1183 1165 1226 ac

152 1250 212 1314 sub
247 1251 320 1314 ortu
352 1249 448 1314 lunae
479 1270 591 1314 rursus
624 1271 663 1314 ex
695 1249 809 1314 arbore
840 1248 961 1314 femina
997 1249 1164 1314 oraculum

151 1336 232 1402 mihi
263 1337 442 1403 sciscitanti
475 1338 566 1402 reddi
595 1337 784 1423 deprecarer
812 1359 969 1421 quaerens
1004 1340 1038 1402 et
1072 1338 1164 1404 obse-

152 1447 254 1510 crans,
276 1447 431 1492 numnam
450 1431 554 1491 matre
573 1431 606 1492 et
623 1427 781 1510 proximis
801 1427 951 1491 salutatis
971 1426 1080 1491 obitus
1098 1427 1163 1491 mei

151 1514 330 1580 clausulam
345 1516 510 1581 subiturus
526 1516 598 1600 sim,
615 1537 683 1580 non
696 1516 838 1581 barbara
851 1516 928 1602 iam,
947 1513 1003 1580 sed
1020 1514 1162 1580 Graecae

111 1624 136 1664 15
151 1603 281 1687 linguae
301 1603 520 1688 significantia
539 1605 665 1670 lunaris
684 1605 781 1669 arbor
799 1605 929 1669 elocuta
946 1607 1004 1688 est,
1025 1607 1161 1669 mortem

150 1692 232 1756 mihi
254 1692 290 1755 in
313 1691 498 1777 Babylonia
522 1714 592 1757 esse
615 1692 757 1758 fatalem.

240 1778 300 1845 27.
335 1780 373 1846 Id
404 1781 484 1844 satis
513 1780 607 1844 triste
637 1781 817 1863 mirumque
848 1780 1021 1847 admodum
1051 1780 1161 1845 amicis
1180 1793 1230 1847 42.

150 1865 384 1931 adsistentibus
403 1867 581 1931 videbatur.
614 1866 688 1950 Ego
707 1870 817 1931 tamen
835 1869 961 1932 coronis
981 1871 1078 1951 atque
1098 1869 1162 1935 alio

150 1954 303 2038 religioso
330 1954 454 2019 honore
481 1954 590 2019 locum
617 1954 737 2019 donare
765 1954 961 2019 contendens
991 1977 1062 2019 sum
1087 1979 1161 2041 pro-

110 2063 136 2102 so
149 2041 273 2107 hibitus
298 2065 317 2106 a
340 2041 576 2125 sacerdotibus,
604 2042 690 2127 quod
713 2042 935 2108 huiuscemodi
958 2065 1093 2107 munera
1117 2044 1163 2110 dii

150 2130 310 2216 indigetes
326 2131 522 2196 abnuissent.
549 2130 699 2217 Agebam
713 2134 857 2196 maestus
874 2134 907 2196 et
921 2132 1163 2216 exspectatione

150 2220 251 2285 futuri
280 2220 452 2286 admodum
482 2220 628 2305 territus3
655 2219 850 2285 Parmenion
876 2223 985 2285 tamen
1013 2242 1064 2284 me
1088 2220 1163 2285 Phi-

150 2308 321 2394 lippusqne
350 2309 385 2372 in
413 2330 564 2374 somnum
592 2331 630 2375 ac
657 2309 801 2394 requiem
827 2310 1053 2374 hortabantur.
1100 2307 1163 2374 Sed

150 2397 183 2462 id
207 2419 335 2483 quoque
359 2420 431 2463 cum
455 2397 660 2463 omnifariam
685 2397 886 2483 negitassem
909 2421 946 2465 ac
973 2397 1039 2462 iam
1062 2399 1162 2462 ferme

111 2505 137 2546 aa
151 2486 219 2550 dies
250 2487 422 2571 insequens
452 2486 713 2572 indilnccsceret‚
744 2486 854 2571 ipsum
886 2487 927 2553 ad
957 2509 1083 2552 sacrum
1114 2487 1161 2552 ire

151 2576 309 2641 contendo
344 2576 593 2660 adtrectansque
624 2576 772 2641 arborem
804 2598 925 2660 quaeso
957 2577 1163 2661 percontans,

151 2663 266 2745 ecquid
291 2665 319 2728 si
341 2664 428 2729 vitae
451 2665 619 2748 praedicto
644 2664 724 2730 adeo
748 2685 912 2750 arguerer,
934 2665 1091 2729 revectari
1114 2667 1161 2728 ta·

151 2770 227 2812 men
254 2750 294 2814 ad
321 2750 547 2817 Macedoniam
575 2774 691 2838 corpus
718 2775 826 2818 meum
855 2753 899 2816 dii
926 2751 1161 2836 promitterent,

151 2837 301 2902 viderene
324 2843 462 2904 matrem
486 2845 582 2926 atque
605 2863 739 2906 uxorem
757 2841 844 2905 ultra
862 2840 1065 2925 potuissem?
1098 2839 1161 2905 Sed

241 3002 256 3050 1
275 2994 422 3050 barbarica
435 3012 504 3052 corr.
519 3013 553 3052 cro
565 2995 706 3050 barbarici
720 2995 756 3050 A.
782 2996 897 3066 eiusque
911 2997 1163 3066 interpretamenta

150 3072 196 3122 etc.
212 3071 351 3136 corrupta.
376 3067 627 3136 interpretamenta
640 3082 723 3122 nemo
737 3067 887 3136 quisquam
901 3065 982 3123 nobis
996 3068 1162 3123 edissertate

152 3139 227 3192 Mai.
264 3145 279 3192 3
299 3138 405 3192 laceret
421 3138 535 3208 sarpam
553 3137 678 3192 facerent
687 3138 722 3193 A.
747 3138 962 3208 significantiam
971 3139 1008 3193 A.
1045 3144 1062 3192 4
1080 3137 1162 3193 emie-

151 3225 199 3263 sae
216 3225 395 3278 properarem
416 3209 490 3265 Mai.
515 3207 618 3264 emissa
635 3225 833 3279 praepararem
851 3210 887 3264 A.
931 3215 947 3264 9
966 3208 1036 3263 meis
1054 3210 1161 3278 scripsi.

151 3277 288 3403 deibustA.
309 3279 617 3403 coqritibusMaitMr.
656 3285 688 3334 12
704 3278 940 3336 sciscitantiMai.
961 3279 1161 3336 sciscitandiA.

152 3352 184 3398 18
203 3365 249 3402 ma
262 3366 319 3402 rem
368 3392 374 3405 .

239 3418 287 3472 27.
321 3425 355 3473 25
378 3419 591 3476 indilucesseret
612 3421 648 3476 A.
729 3427 763 3475 26
788 3422 998 3490 attrectaneqne
1023 3423 1098 3477 Mai.
1126 3423 1163 3477 ad

151 3485 311 3564 rectamque
320 3489 356 3542 A.
394 3495 428 3542 27
448 3489 548 3558 ecquid
560 3491 634 3546 Mai.
660 3491 691 3545 et
708 3491 784 3559 quod
793 3495 829 3546 A.
865 3497 900 3547 28
918 3492 1117 3561 promitterent
1125 3493 1162 3551 A.

150 3554 346 3618 permrtterent
364 3559 438 3613 Mai.
