2654 3926
171 219 214 284 26
499 261 502 270 .
603 219 711 276 LIBER
728 221 749 278 Ι.

171 381 282 446 iuriae.
322 380 421 468 Agite
443 382 553 467 igitur,
577 405 706 468 quaeso,
729 387 805 468 post
828 384 911 448 iram
928 383 1182 471 integrationem

171 470 353 556 coniugalis
376 469 529 536 adfectus.
576 471 645 537 Nec
669 474 713 537 sit
736 471 934 556 pudendum,
957 473 986 537 si
1008 473 1094 537 filius
1119 475 1181 538 sim

170 558 360 642 parentibus
384 558 573 643 copulator?
620 560 681 624 His
705 561 800 625 dictis
826 561 994 645 impetrat,
1024 561 1109 645 quod
1136 563 1182 626 la·
1221 625 1225 634 ,
1316 569 1317 646 l

170 647 279 730 horat,
307 647 402 731 idque
426 648 456 712 ei
479 648 614 732 largiter
637 648 722 731 apud
746 670 859 713 omnes
882 650 1008 733 patriae
1032 671 1179 733 proceres

144 735 257 800 abono
277 736 451 801 admodum
468 737 657 801 testimonio
676 736 747 802 fuit.
783 737 893 802 Placet
910 736 1046 822 denique
1061 737 1180 822 Lysiae
1298 733 1317 812 ¹.

169 845 287 888 nomen
306 824 664 910 coniugalibusritibus
682 825 922 910 inperpetuum
943 827 1074 910 aboleri,
1093 827 1180 911 quod

170 913 345 996 appellatio
370 913 427 978 illa
446 911 600 978 solutioni
625 915 731 998 coepti
750 936 823 978 cum
843 911 1019 998 Cleopatra
1041 917 1177 998 coniugii

170 1001 352 1066 conivisset.

259 1087 317 1156 16.
340 1089 386 1154 At
403 1089 455 1154 his
474 1088 575 1154 ferme
594 1089 717 1174 diebus,
736 1090 852 1174 quibus
870 1092 951 1155 haec
970 1094 1043 1156 acta
1062 1092 1109 1156 vi·
1133 1097 1233 1156 XXIII.

128 1197 155 1237 ro
168 1177 337 1260 debentur,
351 1178 524 1242 descivisse
538 1179 694 1262 obsequio
708 1178 867 1244 Mothone
881 1180 996 1244 civitas
1009 1182 1178 1245 nuntiaba·
1197 1183 1224 1234 8.
1317 1207 1318 1258 3

168 1268 230 1332 tur.
271 1265 322 1330 Ad
345 1286 443 1349 quam
467 1267 577 1332 animo
595 1266 766 1351 Philippus
789 1268 954 1351 incitatur,
977 1290 1050 1334 cum
1074 1269 1178 1333 adhuc
1317 1263 1318 1268 ¹

167 1353 290 1418 viribus
320 1356 463 1438 corporis
494 1355 694 1435 deficeretur,
723 1357 884 1440 optimum
907 1361 997 1422 ratus
1021 1357 1177 1422 ultionem

166 1463 232 1506 non
263 1442 447 1522 distulisse,
479 1466 648 1509 numerum
679 1445 735 1528 qui
764 1445 848 1510 forte
879 1444 1007 1510 adesset
1037 1445 1178 1509 militum

168 1530 282 1595 ducere
297 1531 518 1599 Alexandrum
536 1534 635 1617 iubet,
653 1534 749 1617 idque
766 1533 951 1599 adolescens
964 1535 1178 1617 properanter

17 1679 25 1690 ,
127 1636 153 1678 rs
168 1620 352 1704 exsequitur
366 1621 616 1706 diligenterque3
635 1623 804 1687 subactam
824 1622 910 1685 enim
924 1623 1177 1705 populatamque

166 1709 207 1772 ad
225 1709 387 1774 vindictae
407 1711 657 1775 ostentationem
676 1711 798 1792 raptim
816 1708 1006 1775 Mothonem
1030 1731 1177 1775 reversus

166 1797 344 1861 adnuntiat.
388 1796 450 1861 Sed
473 1799 559 1861 enim
582 1818 655 1861 cnm
678 1797 735 1861 illo
758 1796 864 1861 reditu
887 1796 925 1860 de
948 1797 1107 1863 Mothone
1129 1800 1177 1862 in·
1197 1812 1222 1863 9.

165 1903 296 1966 gressus
321 1883 361 1947 ad
384 1887 511 1966 patrem
534 1883 632 1962 foret,
660 1883 749 1948 videt
774 1883 820 1947 ibi
844 1882 1038 1949 adsistentes
1063 1885 1177 1949 habitu

164 1971 303 2034 barbaro
332 1970 420 2036 viros
452 1976 728 2054 percunctansque
759 1971 909 2056 agnoscit
936 1971 1055 2036 Persae
1083 1971 1176 2036 Darii

125 2077 151 2117 ao
167 2061 328 2142 satrapas3
352 2080 484 2124 causam
505 2061 616 2123 tamen
635 2059 792 2123 adventus
817 2080 896 2143 esse,
920 2059 1006 2144 quod
1030 2082 1068 2124 ex
1087 2082 1175 2125 more

163 2147 234 2232 regi
260 2147 399 2230 petitum
426 2148 577 2232 pecunias
607 2171 626 2212 a
653 2147 806 2232 Philippo
830 2147 1007 2232 venissent,
1035 2149 1175 2232 pretium

165 2236 288 2301 scilicet
312 2257 413 2319 aquae
438 2241 533 2321 atque
557 2241 675 2321 terrae3
701 2237 754 2301 his
781 2236 867 2300 enim
891 2236 1078 2302 nominibus
1101 2238 1176 2302 snb-

163 2325 263 2389 iectos
288 2323 425 2409 obsequi
453 2325 514 2389 sibi
538 2324 656 2390 Persae
679 2325 866 2408 deposcunt.
912 2324 1049 2390 Miratus
1074 2326 1177 2410 igitur

163 2412 346 2477 Alexander
375 2417 408 2478 et
436 2414 566 2497 petendi
594 2435 718 2480 morem
746 2417 779 2478 et
804 2413 949 2479 titulum:
978 2412 1175 2499 ‘Haeccine'

123 2518 149 2559 as
163 2501 282 2586 inquit,
311 2501 489 2566 ‘elementa
516 2501 633 2567 Persae
661 2501 853 2566 mortalibus
880 2501 1064 2588 venditant,
1094 2525 1175 2588 quae

164 2591 287 2656 cunctis
307 2590 385 2656 dens
404 2591 438 2655 in
457 2612 626 2655 commune
645 2591 784 2674 largitus
806 2589 894 2655 est?'
936 2589 1078 2656 Dolebat
1096 2612 1174 2675 ergo

164 2678 323 2762 altiusque
347 2679 580 2744 adolescentuli
598 2679 666 2744 vim
687 2680 850 2762 carpebat,
873 2679 959 2762 quod
977 2679 1039 2743 viri
1059 2677 1174 2744 Graeci

163 2766 304 2830 nominis
328 2787 366 2830 ac
389 2767 557 2850 dignitatis
577 2767 753 2852 vectigales
776 2767 924 2831 barbaris
943 2766 1069 2850 fierent,
1092 2788 1174 2850 quae

163 2875 213 2918 res
242 2857 328 2919 esset
355 2855 570 2938 pendentibus
599 2856 719 2939 iugiter
748 2855 789 2919 ed
818 2854 1042 2938 magisterium
1073 2858 1174 2921 servi-

251 3015 267 3064 5
295 3011 369 3065 bono
385 3041 418 3050 —
433 3008 594 3065 testimonio
622 3010 697 3066 ΑΡ.
754 3011 859 3065 bonnm
875 3041 908 3074 ,-
922 3009 1117 3065 testimonium
1145 3017 1172 3065 τ.

161 3081 260 3150 Lysiae
280 3097 330 3136 om.
351 3082 385 3135 P.
498 3087 512 3135 7
533 3079 673 3136 solutione
691 3082 728 3135 A.
755 3080 880 3152 coniugii
898 3081 1049 3136 conivisset
1065 3083 1172 3150 scripsi.

162 3153 339 3208 convivasset
361 3168 430 3208 corr.
454 3168 488 3207 ca
512 3151 682 3207 connivisset
699 3152 736 3208 A.
764 3152 917 3207 conivisset
935 3152 967 3208 P.
1006 3151 1173 3207 solutionem

162 3223 238 3293 capti
257 3223 368 3279 convivi
387 3240 451 3277 cnm
469 3222 618 3292 Cleopatra
635 3222 748 3276 fecisset
767 3228 793 3278 Τ.

251 3294 299 3349 16.
334 3299 367 3348 10
385 3293 521 3348 Mothone
539 3299 566 3350 T.
594 3293 728 3348 Methana
746 3295 782 3346 A.
810 3293 925 3348 Motene
942 3292 975 3347 P.
1071 3297 1103 3344 12
1123 3291 1170 3344 de-

160 3362 257 3418 ficeret
274 3365 309 3420 A.
384 3369 416 3418 15
436 3366 465 3418 et
483 3362 634 3432 diligenter
652 3369 679 3418 Τ.
712 3364 878 3418 subauctam
897 3362 931 3418 P.
1005 3367 1038 3416 19
1057 3378 1172 3432 percon·

160 3434 325 3501 tansqueA.
345 3435 489 3503 cognoscit
498 3435 531 3489 P.
573 3441 606 3488 21
625 3434 686 3502 regi
696 3435 763 3490 nP.
783 3433 862 3504 regio
871 3433 907 3488 A.
949 3438 984 3487 24
1002 3431 1172 3490 HaecineA.

161 3508 195 3556 25
214 3504 347 3558 elimenta
364 3509 400 3558 A.
486 3511 520 3560 27
540 3504 598 3560 vim
616 3508 652 3559 A.
660 3506 694 3560 P.
722 3506 847 3559 animum
865 3504 967 3560 Ebcrh.
1054 3511 1087 3559 29
1106 3521 1172 3573 pen·

161 3573 292 3628 dentibus
311 3575 396 3630 Merit
424 3578 471 3645 (ex
492 3575 565 3646 T.?);
593 3574 755 3644 petentibus
773 3576 848 3632 ΑΡ.
