2650 3920
497 207 615 263 Aeros
634 207 859 266 ALEXANDRI.
1119 208 1182 272 107

168 373 255 458 quod
276 370 389 437 tuendi
412 370 462 437 sui
485 369 594 456 gretia
617 391 719 454 usque
744 369 786 436 ad
809 370 918 436 deoem
941 371 1099 456 vigintive
1121 372 1182 438 ho-

168 463 291 538 minum
309 481 480 526 numerum
503 478 681 543 congreges
704 457 832 524 facient
868 456 984 524 Cetera
1006 460 1180 526 multitudo

167 571 228 634 pro
252 549 465 614 rebellatione
489 549 521 612 et
544 547 671 613 hostioo
695 548 855 633 punietur.

258 635 315 704 36.
352 636 610 703 Mereaturarum
637 657 789 701 versurae
818 635 884 701 sint
910 635 1024 700 itidem
1052 639 1090 702 ut
1119 638 1179 702 sub
1198 644 1246 698 40.

165 726 267 792 Dario
299 729 500 811 pateantque
531 724 725 790 commercia
756 725 808 790 vel
836 722 969 789 Greeois
1002 725 1036 788 in
1063 723 1207 793 Persess

166 815 219 881 rel
237 813 347 880 Persis
365 812 465 880 etiam
487 812 528 878 ad
548 811 698 879 Graecos.
736 811 862 898 Quippe
880 811 1047 898 provisum
1067 817 1126 896 est,
1145 817 1182 878 ut

165 925 224 988 per
247 906 395 987 satrapas
420 902 519 967 etiam
543 901 690 966 dimensa
714 902 822 985 spatie
840 901 911 966 viee
934 901 1082 984 publicae
1106 921 1182 966 oon·

164 995 362 1058 sternentur.
400 989 641 1056 Sollemnitates
661 991 754 1056 vobis
779 994 812 1054 et
835 991 1011 1055 certamina
1030 989 1182 1074 gymnica

163 1084 277 1162 'erunt3
306 1080 362 1144 sed
390 1079 479 1144 hisee
508 1079 656 1145 omnibus
684 1078 849 1162 praesides
879 1078 953 1143 dedi
980 1100 1020 1143 ex
1045 1079 1183 1143 Alexan·

166 1169 238 1233 dria
260 1187 334 1232 mee
356 1167 443 1233 viros
466 1166 665 1252 Aegyptios,
692 1167 809 1251 quibus
838 1189 953 1233 aureae
977 1189 1104 1252 quoque
1128 1188 1181 1232 oo-
1195 1191 1222 1232 ιο

167 1277 268 1322 ronse
298 1258 466 1340 gestamen
491 1259 523 1319 et
547 1255 684 1320 amiotus
707 1277 888 1338 purpureus
916 1260 967 1321 est
994 1255 1182 1340 permissus,

169 1348 362 1429 praeterque
391 1365 447 1408 eos
474 1343 625 1426 ingressu
648 1345 772 1407 eeteros
802 1345 885 1409 seori
907 1345 1085 1430 templique
1108 1365 1181 1428 pro-

166 1433 273 1499 hiberi
298 1432 456 1515 [pluooe't].
510 1429 634 1495 Iudicia
657 1431 769 1511 etiam,
797 1452 879 1514 quoe
903 1434 999 1516 vulgo
1027 1433 1182 1515 privatim

166 1523 304 1606 quisque
326 1520 482 1603 faciebat,
509 1519 574 1583 nisi
596 1540 654 1602 per
676 1518 800 1584 curiam
823 1519 988 1602 publioam
1011 1520 1182 1585 civitatum

162 1609 322 1676 eelebrari
340 1631 407 1674 non
427 1607 547 1674 lioebit.
583 1607 632 1672 Ae
651 1607 680 1671 si
697 1610 827 1690 praeter
844 1607 924 1671 haee
945 1607 1062 1691 aliquis
1082 1629 1180 1673 ausus
1195 1629 1221 1673 rs

164 1699 238 1782 erit,
261 1697 367 1762 hostis
391 1696 550 1781 supplicio
573 1693 744 1781 punietur?
779 1694 829 1759 -lllt
851 1695 932 1760 haee
956 1695 1085 1780 quidem
1105 1696 1180 1761 Ale·
1198 1710 1244 1760 41.

166 1786 287 1851 xander
308 1786 420 1851 usibus
443 1784 591 1868 publieis.
627 1784 722 1861 Quod
739 1805 817 1850 vero
842 1784 882 1848 ad
906 1784 1181 1869 comprehenden-

167 1876 224 1941 dos
245 1895 309 1959 eos,
328 1874 384 1958 qui
397 1872 534 1938 Darium
548 1873 738 1939 vulneribus
756 1873 968 1956 incesserant,
990 1873 1068 1938 dieit
1086 1872 1181 1938 haee:

165 1963 343 2049 ‘Equidem
370 1984 422 2028 me
452 1962 578 2048 gaudeo
600 1962 728 2028 hostem
752 1961 930 2027 maximum
954 1961 1090 2028 Darium
1115 1983 1181 2026 ser-

164 2053 246 2118 vitio
271 2052 477 2136 subiugasse‚
503 2049 635 2134 eiusque
658 2051 897 2116 mortemlieet
919 2051 989 2134 ipse
1012 2054 1180 2116 exsecutus
1194 2065 1222 2106 so

164 2162 231 2206 uon
255 2141 327 2223 sim,
349 2140 454 2205 habeo
478 2143 589 2204 tamen
612 2139 710 2222 hisee,
736 2139 791 2222 qui
814 2138 847 2203 id
870 2139 1013 2222 sederint,
1033 2140 1182 2224 gratiem.

166 2229 274 2305 Quare
298 2227 385 2312 quod
402 2227 642 2292 benivolentiae
665 2248 741 2291 suae
766 2246 844 2310 erga
866 2248 919 2291 me
943 2226 1086 2291 studium
1109 2247 1183 2309 pro*

167 2316 279 2381 testati
303 2319 392 2394 suut,
419 2315 457 2398 ii,
479 2315 598 2399 quique
626 2318 702 2379 sunt
724 2317 873 2379 auctores
896 2315 1045 2399 huiusce,
1068 2315 1183 2380 hortor

167 2425 205 2469 eo
229 2424 360 2487 moneo,
386 2404 436 2467 uti
464 2424 497 2466 se
520 2403 662 2486 prodant
688 2396 832 2485 mihique
859 2401 1004 2466 iudicent
1036 2403 1182 2487 praemis

165 2492 278 2558 debita
307 2491 476 2574 recepturi.
519 2489 611 2556 Neve
636 2490 725 2554 istud
753 2490 788 2554 in
817 2491 1005 2575 ambiguum
1034 2491 1181 2556 dubium·
1194 2507 1222 2548 rs

165 2603 230 2666 que
259 2580 332 2665 quis
359 2578 549 2661 transferat,
576 2579 648 2643 iuro
677 2579 753 2643 deos
783 2579 1049 2664 maiestatemque
1077 2577 1181 2663 patris

166 2669 340 2735 Ammonis
354 2672 387 2733 et
401 2666 604 2753 Olympiadis
619 2667 735 2731 matris
750 2688 850 2752 meae,
869 2667 986 2752 quique
1000 2668 1036 2732 hi
1049 2667 1180 2752 fuerint,

166 2781 221 2824 eos
252 2779 303 2824 me
333 2757 490 2823 sublimes
517 2776 556 2822 ao
584 2755 773 2821 notissimos
803 2757 953 2822 omuibus
982 2758 1180 2823 effecturum.

255 3009 272 3056 3
291 3002 444 3058 rebellione
463 3002 495 3055 P.
616 2969 618 2972 Ι
1196 2985 1197 2990 “

254 3073 303 3128 36.
323 3073 441 3128 ohisP.
479 3077 512 3126 10
526 3071 683 3141 Aegyptios
693 3070 779 3127 Mae.
800 3072 897 3142 egypti
906 3074 939 3128 P.
959 3087 994 3127 ex
1007 3070 1179 3142 AegyptoA.

167 3150 200 3199 11
220 3148 366 3214 gestamen
383 3144 413 3199 Τ.
437 3146 595 3198 testamen
610 3143 685 3198 A.P.
729 3147 761 3197 12
781 3145 947 3212 praeterque
962 3144 1039 3198 ΑΡ.
1063 3143 1180 3212 peritar-

166 3233 221 3285 que
244 3215 276 3269 Τ.
304 3215 433 3284 ingressu
459 3215 491 3271 Τ.
520 3213 662 3282 ingressus
684 3213 721 3267 A.
730 3213 763 3269 P.
842 3219 874 3268 13
894 3215 1002 3282 placuit
1020 3215 1085 3269 odd.
1106 3214 1180 3268 Mai.

167 3287 198 3341 ln
218 3286 302 3341 dreia
321 3287 369 3341 Ρ.
394 3289 427 3339 15
447 3284 489 3338 Ae
506 3283 585 3339 A.P.
614 3283 686 3338 Hine
705 3283 794 3338 Mail.
823 3289 870 3342 ,16
889 3285 942 3338 hoo
960 3285 994 3340 P.
1032 3289 1064 3338 21
1084 3284 1129 3337 his
1146 3283 1180 3337 P.

166 3363 201 3413 ‘m
219 3355 434 3412 benevolentiae
453 3370 520 3411 suae
540 3370 607 3424 erge
625 3371 670 3409 me
693 3354 722 3409 Τ.
764 3353 986 3408 benivolentiam
1011 3369 1090 3408 suam
1114 3367 1181 3422 erge

165 3428 223 3483 mei
240 3427 276 3482 A.
284 3427 317 3484 P.
358 3431 393 3482 28
411 3424 433 3480 ii
451 3426 555 3495 quique
576 3425 607 3480 Τ.
633 3425 665 3480 hi
683 3423 733 3494 qui
753 3425 787 3478 P.
813 3424 836 3478 ii
854 3441 965 3493 quoque
984 3424 1020 3479 Δ.
1046 3423 1129 3477 huius
1147 3423 1180 3476 P.

166 3503 200 3554 26
219 3500 287 3553 deos
313 3498 344 3552 Τ.
373 3513 423 3554 orn.
447 3497 526 3555 ΔΡ.
568 3497 801 3563 maiestatemque
827 3495 858 3548 Τ.
867 3496 900 3548 Ρ.
943 3495 1120 3548 maiestatem
1143 3491 1180 3544 A.

166 3569 255 3639 patris
275 3569 304 3624 et
320 3569 354 3623 P.
428 3573 462 3624 28
483 3584 530 3622 eos
549 3584 594 3623 me
613 3567 648 3622 A.
678 3581 780 3635 eosque
800 3565 833 3620 P.
