2648 3922
171 183 250 239 XXX
567 179 783 236 PRAEFATIO.

174 345 260 410 haud
289 366 363 409 raro
392 366 411 408 a
439 344 552 408 ceteris
575 343 668 406 libris
692 341 920 425 manuscriptis
943 342 1118 428 discrepat,
1145 350 1184 410 ut

174 455 214 497 ex
237 433 301 498 alio
320 432 413 498 fonte
435 436 532 515 atque
555 431 606 494 illi
624 430 753 494 fluxisse
771 428 927 495 videatur.
963 427 1076 514 Neque
1095 433 1182 498 enim

172 521 326 586 lectiones
355 521 424 586 eius
452 518 696 603 interpolatoris
721 538 854 582 manum
877 517 975 584 olent.
1022 518 1085 584 sed
1107 542 1181 586 cum

173 609 270 692 liber,
300 631 340 674 ex
368 629 431 693 quo
460 607 693 690 transscriptus
721 608 784 688 est,
812 626 916 691 neque
945 610 1050 671 aetate
1077 630 1181 694 neque

173 697 281 764 indole
315 696 528 780 archetypum
562 717 587 759 ω
621 697 753 777 aequet,
784 693 853 777 ipse
887 715 1012 780 quoque
1044 697 1181 762 minoris
1314 705 1315 754 3

174 785 341 851 habendus
361 788 421 869 est,
442 806 538 869 quam
558 782 682 848 codices
701 781 739 864 L,
756 781 800 865 B,
818 780 858 865 (τ’,
876 782 923 847 Μ.
960 782 1180 851 Nihilominus

174 895 211 939 eo
236 895 331 957 saepe
354 873 403 938 usi
428 893 553 956 sumus,
580 874 617 935 ut
640 870 776 934 aliorum
798 868 956 934 librorum
979 874 1097 937 menda
1117 876 1181 938 tol·

173 962 327 1045 leremus,
355 961 489 1026 lacunas
520 960 731 1045 exploremus.
781 955 889 1023 codex
917 958 961 1043 P,
991 960 1019 1024 si
1048 982 1112 1026 non
1141 983 1180 1025 ex

172 1049 245 1133 ipso
270 1049 379 1114 codice
398 1047 432 1132 G,
454 1070 527 1114 cum
551 1069 615 1132 quo
633 1046 822 1129 plerumque
845 1049 1013 1130 consentit,
1036 1052 1180 1113 attamen

175 1158 214 1201 ex
237 1137 306 1202 eius
324 1137 500 1221 archetypo
523 1136 575 1201 vel
597 1155 635 1198 ex
654 1133 737 1198 libro
762 1134 799 1198 de
817 1133 880 1199 hoc
897 1137 1056 1218 pendente
1073 1139 1181 1202 trans-

175 1225 312 1309 scriptus
334 1228 393 1308 est,
418 1224 612 1308 aliquotiens
630 1222 781 1287 librarius
804 1222 922 1289 codicis
944 1224 1032 1288 illius
1056 1245 1114 1289 suo
1132 1226 1180 1289 in·

129 1333 131 1338 ·
172 1313 267 1396 genio
290 1311 393 1377 fretus
420 1313 593 1378 lectionem
615 1313 800 1392 corruptam
826 1333 940 1376 sanare
964 1317 1097 1378 conatus
1120 1317 1180 1378 est.

173 1399 279 1466 Huius
298 1401 453 1466 lectiones
476 1401 540 1466 nisi
564 1400 605 1465 ad
627 1402 752 1463 textum
775 1399 1008 1465 emendandum
1031 1401 1083 1465 vel
1107 1422 1180 1466 con·

172 1489 369 1554 stituendum
394 1489 516 1572 aliquid
539 1489 645 1554 facere
669 1486 862 1573 viderentur,
884 1509 949 1552 non
972 1487 1134 1554 adnotavi.

260 1682 430 1749 Editiones
455 1683 612 1769 epistolae
636 1684 676 1747 ab
695 1681 881 1747 Alexandro
905 1681 946 1746 ad
967 1681 1178 1748 Aristotelem

172 1770 310 1855 scriptae
334 1772 415 1837 mihi
437 1772 651 1835 innotuerunt
673 1769 747 1834 hae:

261 1893 294 1977 1)
318 1893 463 1958 Venetiis
488 1892 584 1958 1499.

258 1978 429 2133 2i1fflstw
453 1979 650 2044 Basileensis
670 1977 774 2044 Ourtii
793 1977 867 2043 Rufi
889 1977 1046 2042 historiae
1069 1979 1179 2043 addita

172 2070 257 2153 apud
313 2067 480 2134 enrichum
503 2068 592 2131 Petri
614 2065 764 2131 MDLVI.
1308 2117 1314 2148 ,

259 2153 295 2243 3)
318 2155 469 2240 Lugduni
480 2154 678 2220 Batavorum
692 2153 906 2235 MDLXXIII,
919 2153 1090 2219 coniuncta
1105 2177 1177 2219 cum

170 2243 283 2310 Curtio
305 2244 390 2308 Rulo
414 2242 499 2308 edito
523 2265 542 2306 a
565 2241 802 2327 Ohristophoro
824 2240 943 2306 Bruno.

259 2330 294 2418 4)
318 2330 495 2396 Alexandri
524 2329 636 2412 Magni
668 2331 808 2412 epistola
838 2329 877 2393 de
909 2329 975 2393 situ
1003 2327 1114 2394 Indiae
1145 2335 1179 2396 et
1214 2385 1217 2391 .

170 2421 325 2485 itinerum
347 2421 381 2484 in
404 2441 443 2484 ea
465 2418 620 2484 vastitate
643 2418 683 2482 ad
702 2418 911 2483 Aristotelem
934 2421 1177 2501 praeceptorem

169 2531 266 2662 iulii
289 2503 1178 2662 dubitent‘titubetttldtttt

170 2683 245 2748 inde
263 2684 471 2766 inspersit...
497 2683 645 2747 Andreas
664 2681 830 2747 Paulini.
858 2681 993 2745 Gissae
1015 2682 1109 2746 1706.
1134 2681 1177 2748 8⁰.

259 2769 296 2855 5)
319 2770 588 2835 Narratirrneulae
612 2769 738 2860 anglice
762 2770 976 2853 conscriptae,
1004 2769 1043 2832 de
1065 2791 1178 2855 perga-

170 2859 273 2922 menis
298 2857 514 2941 exscribebat,
542 2858 630 2922 notis
658 2857 858 2940 illustrabat,
886 2856 1020 2922 eruditis
1049 2859 1176 2940 copiam

170 2947 310 3012 faciebat
346 2945 381 3009 T.
418 2944 584 3010 Oswaldus
621 2944 842 3028 Oockayne,
882 2943 925 3009 M.
965 2945 1003 3009 A.
1040 2942 1177 3010 Cantab.

169 3033 328 3099 London
361 3034 453 3099 1861.
487 3030 529 3099 8⁰.
581 3033 619 3097 In
649 3034 777 3116 paginis
808 3032 942 3097 51-62
972 3031 1068 3096 huius
1099 3034 1176 3097 libri

169 3123 290 3207 legitur
307 3121 458 3205 Epistola
477 3120 652 3186 Alexandri
675 3122 764 3185 edita
786 3142 825 3184 ex
847 3121 954 3185 codice
978 3119 1084 3185 Musei
1105 3120 1177 3185 Bri·
1304 3179 1313 3212 „

169 3210 293 3275 tannici
317 3207 402 3274 Oott.
424 3208 512 3274 Nero
536 3209 574 3273 D.
594 3207 690 3294 VIII,
713 3209 769 3295 qui
792 3230 830 3272 ex
853 3208 961 3272 codiee
985 3230 1005 3272 a
1027 3209 1122 3273 nobis
1141 3210 1183 3273 Η

171 3298 353 3382 significato
376 3298 506 3362 fluxisse
529 3298 663 3362 videtur.

258 3419 384 3484 Harum
408 3420 586 3486 editionum
610 3441 690 3504 quas
714 3419 853 3504 inspexi,
876 3417 1084 3501 Basileensis,
1106 3415 1177 3482 Gis·

171 3508 284 3592 sensis,
307 3507 522 3574 Londinensis
544 3509 666 3573 nullius
688 3508 755 3573 fere
778 3509 875 3592 pretii
898 3510 982 3572 sunt.
1027 3505 1080 3572 Ad
1103 3527 1173 3572 con·
