2648 3924
177 199 241 264 162
591 203 702 259 LIBER
719 202 767 260 ΠΙ.

175 363 265 428 cuius
293 364 414 447 prioris
443 365 587 448 corporis
614 387 691 449 pars
716 366 802 450 pube
830 368 923 431 tenus
952 366 993 430 ad
1020 367 1185 433 hominem

175 452 391 536 congruebat,
421 453 585 518 enimvero
618 474 700 537 quae
729 454 875 518 insecuta
902 455 1062 538 corporis,
1093 460 1186 521 erant

175 541 286 604 omnia
312 540 457 624 beluina,
484 562 681 625 prorsusque
709 543 838 625 qualem
866 539 1009 625 Scyllam
1037 543 1186 610 homines

174 629 371 710 fabulantur,
393 629 458 694 nisi
475 630 539 694 hoc
560 651 624 696 uno
644 629 837 695 deverterat:
860 652 927 695 non
949 632 1036 696 enirn
1061 634 1187 698 caninis

148 716 334 800 sospitibus
366 718 543 802 lupinisve‚
580 718 666 782 enim
700 718 840 783 leoninis
873 722 987 802 atque·
1001 721 1185 804 pardorum,

175 827 268 870 suum
300 804 400 870 etiam
430 806 482 870 vel
512 828 663 872 ursorum
693 827 822 870 omnem
852 807 996 891 inguinis
1026 808 1185 873 ambitum

173 897 317 980 texerat,
346 894 544 978 spirantibus
572 895 671 958 etiam
698 895 828 981 bestiis,
858 896 914 959 sed
941 918 1016 980 pars
1045 917 1185 980 superna

173 981 380 1067 humanaque
410 985 560 1047 emortua
588 984 653 1047 iam
682 986 715 1048 et
742 984 848 1049 colore
877 988 948 1049 atro
979 1005 1051 1048 curn
1079 985 1185 1049 desitu

107 1109 112 1116 ·
175 1071 309 1154 spiritus
328 1070 503 1136 visebatur.
544 1070 582 1135 Id
601 1072 740 1136 monstri
762 1073 819 1137 ubi
841 1072 967 1156 mulier,
990 1094 1073 1156 quae
1095 1073 1185 1138 foeta

134 1177 160 1216 ιο
173 1158 288 1237 fuerat,
312 1160 406 1223 enixa
429 1163 491 1242 est,
516 1159 627 1223 statim
649 1160 721 1243 ipsa
744 1160 908 1224 invectum
935 1161 975 1224 ad
997 1179 1106 1244 regem
1131 1161 1184 1226 de-

172 1248 250 1311 tulit
281 1245 531 1330 Alexandroque
559 1247 678 1312 habere
709 1248 845 1332 mirum,
875 1250 960 1334 quod
991 1250 1184 1332 ostenderet,

172 1334 415 1420 praeiudicavit.
460 1335 567 1420 Igitur
595 1335 778 1421 ingressus,
811 1337 865 1422 qui
897 1338 968 1422 regi
993 1337 1183 1402 miraculum

173 1423 352 1506 nuntiaret,
380 1424 513 1488 offendit
542 1446 615 1489 eum
637 1425 671 1489 in
694 1426 843 1491 cubiculo
866 1425 1044 1490 meridiano
1069 1447 1183 1489 somno

173 1517 251 1576 tunc
270 1511 423 1578 deditum.
465 1511 528 1577 Sed
552 1512 592 1578 ad
612 1513 783 1598 strepitum
801 1513 1017 1598 inrumpentis
1037 1535 1110 1578 cum
1130 1535 1183 1577 ex-

133 1617 159 1659 rs
172 1601 320 1684 pergitus
352 1600 439 1665 foret
465 1599 672 1685 audissetque
706 1624 852 1686 causam,
879 1603 1047 1668 mulierem
1073 1602 1184 1666 induci

172 1690 272 1754 iubet.
321 1688 476 1773 Ingressa
504 1690 606 1775 igitur
636 1691 747 1755 statim
777 1691 937 1756 facessere
967 1691 1134 1756 universos
1166 1712 1183 1755 e

173 1777 337 1860 praesenti
368 1778 484 1843 mulier
512 1778 624 1860 edicit,
655 1779 726 1861 ipsa
755 1800 831 1844 vcro
856 1780 981 1843 revelat
1009 1778 1183 1862 nudatque,

174 1865 259 1949 quod
283 1868 429 1949 vexerat,
451 1867 685 1951 profiteturque
709 1889 743 1931 se
765 1867 938 1951 peperisse.

264 1950 322 2019 55.
349 1953 439 2038 Ergo
467 1953 507 2018 ad
534 1955 727 2020 miraculum
749 1955 890 2020 visionis·
907 1955 1063 2020 eiusmodi
1090 1955 1182 2019 iubet
1200 1967 1252 2018 88.

133 2059 160 2098 ro
175 2041 288 2105 statim
318 2041 503 2106 Alexander
535 2042 757 2128 prodigiorum
789 2045 980 2128 interpretes
1013 2043 1184 2108 convenire

174 2152 211 2194 ac
234 2129 390 2213 profiteri,
414 2131 527 2214 ecquid
546 2131 705 2196 eiusmodi
727 2133 855 2197 novitas
875 2133 1060 2215 minaretur,
1083 2131 1182 2195 inter-

173 2219 378 2303 minaturque
397 2241 494 2302 quam
513 2223 634 2304 sancte,
655 2220 721 2285 nisi
747 2242 786 2285 ex
808 2221 872 2284 fide
895 2220 1043 2287 dixerint.
1091 2219 1182 2284 Unus

173 2307 275 2391 igitur
298 2329 315 2369 e
339 2309 565 2390 praesentibus
591 2329 709 2392 magno
738 2331 810 2374 curn
839 2309 964 2394 gemitu
991 2308 1062 2394 regi
1090 2329 1183 2390 sepa-

172 2401 254 2474 rato,
278 2393 404 2480 ‘Eheu’
427 2397 542 2480 inquit,
566 2395 738 2462 ‘malorum
757 2399 911 2481 omnium,
934 2396 1025 2480 eheu,
1049 2397 1094 2460 mi
1112 2397 1182 2461 rexl

133 2499 159 2540 ²⁵
172 2507 238 2548 non
263 2485 348 2548 enim
371 2485 437 2549 iam
457 2485 551 2549 bonis
573 2506 677 2570 neque
700 2485 788 2551 inter
806 2486 899 2551 vivos
922 2486 1072 2550 homines
1095 2485 1183 2548 ultra

172 2571 403 2638 nominabere.'
431 2571 508 2637 'Sed
527 2595 584 2638 cur
601 2575 667 2638 iste
686 2575 822 2638 sentiret
839 2574 1007 2657 interpres,
1030 2595 1103 2637 cum
1126 2593 1183 2636 rex

173 2661 362 2746 diligentius
387 2665 567 2745 quaereret,
588 2662 676 2750 ,haec
699 2662 802 2727 addit:
829 2660 874 2725 ‘0
899 2662 975 2745 quid
1000 2659 1111 2743 enim,'
1135 2661 1181 2723 in-

262 2857 278 2905 3
299 2851 393 2906 omnia
407 2850 521 2907 beluina
535 2857 581 2908 etc.
601 2853 776 2922 superscript.
791 2854 824 2906 ia
838 2852 887 2907 P..·
904 2850 992 2918 idest
1006 2851 1071 2907 ursi.
1090 2849 1182 2920 pardi.

172 2922 241 2992 lupi.
260 2922 365 2978 leones.
385 2937 478 2977 canes.
498 2939 567 2978 sues.
606 2928 623 2976 5
642 2923 783 2992 capitibus
798 2922 834 2977 A.
857 2921 976 2976 rictibus
995 2922 1026 2976 P.
1064 2928 1080 2977 6
1100 2937 1183 2976 omne

171 2993 296 3064 inguinis
315 2992 351 3050 A.
411 2992 533 3048 tetiam
551 3009 603 3048 om.
621 2994 657 3048 A.
698 2993 747 3047 sed
763 2993 796 3046 P.
819 2992 932 3048 etiamsi
945 2991 980 3048 A.
1036 2991 1128 3046 8iam
1148 2992 1182 3046 P.

173 3065 260 3119 etiam
279 3065 314 3118 A.
357 3063 468 3119 eloeta
486 3081 535 3120 om.
556 3065 589 3118 P.
627 3069 660 3118 10
679 3062 741 3132 ipsa
759 3064 791 3118 P.
816 3064 859 3117 his
879 3065 930 3118 has
949 3064 985 3117 A.
1028 3067 1060 3116 11
1079 3063 1184 3117 habere

171 3136 264 3191 om.P.
312 3140 346 3190 12
365 3134 553 3204 praeiudiavit
561 3135 593 3189 P.
632 3133 680 3202 qui
688 3135 726 3188 P.
751 3151 823 3203 queo
832 3134 868 3189 A.
925 3139 958 3188 13
978 3133 1138 3188 cubiculum
1149 3133 1184 3185 P.

173 3223 271 3261 somno
294 3222 343 3261 om.
368 3206 401 3261 P.
493 3212 527 3260 14
545 3204 731 3275 irrumpentes
755 3207 790 3261 A.
882 3211 916 3259 16
936 3220 965 3259 se
988 3205 1131 3274 praesenti
1149 3203 1183 3257 P.

174 3284 207 3331 18
225 3279 341 3333 vexerat
359 3276 391 3332 P.
419 3275 527 3330 vixerat
545 3278 580 3333 A.

260 3348 310 3404 bb.
338 3352 370 3402 21
391 3349 420 3400 et
439 3345 507 3415 quid
525 3348 560 3402 A.
585 3348 652 3415 quid
672 3347 705 3401 P.
744 3345 892 3400 miraretur
910 3344 942 3398 P.
1016 3350 1050 3399 23
1070 3359 1085 3397 e
1103 3359 1185 3413 pree·

173 3416 299 3470 sentibus
317 3417 352 3471 A.
380 3417 574 3485 praesentibus
593 3418 625 3472 P.
669 3421 703 3471 25
722 3417 780 3472 iam
799 3415 881 3471 bonis
899 3415 935 3469 A.
961 3418 1022 3469 tam
1039 3415 1129 3470 bonus
1148 3415 1185 3468 P.

172 3500 262 3550 neque
281 3488 396 3552 fortusse
414 3488 563 3543 delendum.
608 3493 642 3542 26
660 3487 840 3542 nominavere
861 3485 894 3539 P.
939 3490 973 3540 27
993 3486 1061 3554 quid
1080 3501 1129 3542 om.
1150 3485 1185 3542 P.

174 3552 309 3619 quidquid
329 3555 427 3610 Schlee.
