<?xml version="1.0" encoding="UTF-8"?>
<!DOCTYPE html PUBLIC "-//W3C//DTD XHTML 1.0 Transitional//EN"
    "http://www.w3.org/TR/xhtml1/DTD/xhtml1-transitional.dtd">
<html xmlns="http://www.w3.org/1999/xhtml" xml:lang="en" lang="en">
 <head>
  <title>
</title>
<meta http-equiv="Content-Type" content="text/html;charset=utf-8" />
  <meta name='ocr-system' content='tesseract 3.04.00' />
  <meta name='ocr-capabilities' content='ocr_page ocr_carea ocr_par ocr_line ocrx_word'/>
</head>
<body>
  <div class='ocr_page' id='page_1' title='image "./iulivalerialexa00kbgoog_0048.png"; bbox 0 0 2648 3922; ppageno 0'>
   <div class='ocr_carea' id='block_1_1' title="bbox 470 212 1155 283">
    <p class='ocr_par' dir='ltr' id='par_1_1' title="bbox 470 212 1155 283">
     <span class='ocr_line' id='line_1_1' title="bbox 470 212 1155 283; baseline 0.009 -16"><span class='ocrx_word' id='word_1_1' title='bbox 470 212 589 269; x_wconf 84' lang='lat' dir='ltr'>ORTUS</span> <span class='ocrx_word' id='word_1_2' title='bbox 608 213 832 272; x_wconf 81' lang='lat' dir='ltr'><strong>ALEXANDRI.</strong></span> <span class='ocrx_word' id='word_1_3' title='bbox 1116 217 1155 283; x_wconf 84' lang='lat' dir='ltr'><strong>ll</strong></span> 
     </span>
    </p>
   </div>
   <div class='ocr_carea' id='block_1_2' title="bbox 142 373 1199 993">
    <p class='ocr_par' dir='ltr' id='par_1_2' title="bbox 142 373 1158 638">
     <span class='ocr_line' id='line_1_2' title="bbox 142 373 1156 463; baseline 0.005 -23"><span class='ocrx_word' id='word_1_4' title='bbox 142 375 344 461; x_wconf 84' lang='lat' dir='ltr'><strong>proveniret,</strong></span> <span class='ocrx_word' id='word_1_5' title='bbox 366 378 482 440; x_wconf 89' lang='lat' dir='ltr'><strong>cuncta</strong></span> <span class='ocrx_word' id='word_1_6' title='bbox 505 373 594 458; x_wconf 88' lang='lat' dir='ltr'><strong>haec,</strong></span> <span class='ocrx_word' id='word_1_7' title='bbox 617 397 700 461; x_wconf 91' lang='lat' dir='ltr'><strong>quae</strong></span> <span class='ocrx_word' id='word_1_8' title='bbox 723 376 889 463; x_wconf 86' lang='lat' dir='ltr'><strong>praedicta</strong></span> <span class='ocrx_word' id='word_1_9' title='bbox 912 381 1003 462; x_wconf 86' lang='lat' dir='ltr'><strong>sunt,</strong></span> <span class='ocrx_word' id='word_1_10' title='bbox 1027 382 1156 463; x_wconf 90' lang='lat' dir='ltr'><strong>porten-</strong></span> 
     </span>
     <span class='ocr_line' id='line_1_3' title="bbox 144 461 1158 550; baseline 0.004 -21"><span class='ocrx_word' id='word_1_11' title='bbox 144 464 239 529; x_wconf 83' lang='lat' dir='ltr'><strong>disse.</strong></span> <span class='ocrx_word' id='word_1_12' title='bbox 280 461 325 529; x_wconf 71' lang='lat' dir='ltr'><strong>nt</strong></span> <span class='ocrx_word' id='word_1_13' title='bbox 342 463 396 528; x_wconf 91' lang='lat' dir='ltr'><strong>his</strong></span> <span class='ocrx_word' id='word_1_14' title='bbox 414 463 546 549; x_wconf 91' lang='lat' dir='ltr'><strong>quidem</strong></span> <span class='ocrx_word' id='word_1_15' title='bbox 565 465 600 528; x_wconf 92' lang='lat' dir='ltr'><strong>in</strong></span> <span class='ocrx_word' id='word_1_16' title='bbox 617 464 704 529; x_wconf 91' lang='lat' dir='ltr'><strong>hunc</strong></span> <span class='ocrx_word' id='word_1_17' title='bbox 722 464 853 531; x_wconf 89' lang='lat' dir='ltr'><strong>modum</strong></span> <span class='ocrx_word' id='word_1_18' title='bbox 874 465 1158 550; x_wconf 86' lang='lat' dir='ltr'><strong>interpretamenti</strong></span> 
     </span>
     <span class='ocr_line' id='line_1_4' title="bbox 143 551 1129 638; baseline 0 -20"><span class='ocrx_word' id='word_1_19' title='bbox 143 553 193 618; x_wconf 91' lang='lat' dir='ltr'><strong>sui</strong></span> <span class='ocrx_word' id='word_1_20' title='bbox 215 551 312 617; x_wconf 87' lang='lat' dir='ltr'><strong>fidem</strong></span> <span class='ocrx_word' id='word_1_21' title='bbox 335 551 456 618; x_wconf 77' lang='lat' dir='ltr'><strong>fecerat</strong></span> <span class='ocrx_word' id='word_1_22' title='bbox 479 553 564 637; x_wconf 92' lang='lat' dir='ltr'><strong>apud</strong></span> <span class='ocrx_word' id='word_1_23' title='bbox 587 552 785 638; x_wconf 87' lang='lat' dir='ltr'><strong>Philippum.</strong></span> <span class='ocrx_word' id='word_1_24' title='bbox 1127 605 1129 610; x_wconf 91' lang='lat'><strong>.</strong></span> 
     </span>
    </p>

    <p class='ocr_par' dir='ltr' id='par_1_3' title="bbox 143 639 1199 993">
     <span class='ocr_line' id='line_1_5' title="bbox 233 639 1199 727; baseline 0.002 -21"><span class='ocrx_word' id='word_1_25' title='bbox 233 640 267 707; x_wconf 82' lang='lat'><strong>6.</strong></span> <span class='ocrx_word' id='word_1_26' title='bbox 297 639 479 725; x_wconf 84' lang='lat' dir='ltr'><strong>Adpetente</strong></span> <span class='ocrx_word' id='word_1_27' title='bbox 503 644 612 706; x_wconf 88' lang='lat' dir='ltr'><strong>autem</strong></span> <span class='ocrx_word' id='word_1_28' title='bbox 634 641 700 706; x_wconf 89' lang='lat' dir='ltr'><strong>iam</strong></span> <span class='ocrx_word' id='word_1_29' title='bbox 723 642 932 727; x_wconf 78' lang='lat' dir='ltr'><strong>partitudinis</strong></span> <span class='ocrx_word' id='word_1_30' title='bbox 956 645 1102 727; x_wconf 90' lang='lat' dir='ltr'><strong>tempore</strong></span> <span class='ocrx_word' id='word_1_31' title='bbox 1139 650 1199 708; x_wconf 81' lang='lat' dir='ltr'><strong>xu</strong></span> 
     </span>
     <span class='ocr_line' id='line_1_6' title="bbox 143 727 1184 816; baseline 0.008 -22"><span class='ocrx_word' id='word_1_32' title='bbox 143 728 334 795; x_wconf 70' lang='lat' dir='ltr'><strong>consederat</strong></span> <span class='ocrx_word' id='word_1_33' title='bbox 360 727 530 816; x_wconf 84' lang='lat' dir='ltr'><strong>Olympias</strong></span> <span class='ocrx_word' id='word_1_34' title='bbox 559 730 649 795; x_wconf 91' lang='lat' dir='ltr'><strong>oneri</strong></span> <span class='ocrx_word' id='word_1_35' title='bbox 676 733 789 814; x_wconf 85' lang='lat' dir='ltr'><strong>partus</strong></span> <span class='ocrx_word' id='word_1_36' title='bbox 819 731 965 798; x_wconf 85' lang='lat' dir='ltr'><strong>levando.</strong></span> <span class='ocrx_word' id='word_1_37' title='bbox 1011 729 1073 796; x_wconf 83' lang='lat' dir='ltr'><strong>Sed</strong></span> <span class='ocrx_word' id='word_1_38' title='bbox 1102 733 1184 803; x_wconf 77' lang='lat' dir='ltr'><strong>ads</strong></span> 
     </span>
     <span class='ocr_line' id='line_1_7' title="bbox 143 815 1156 903; baseline 0.005 -22"><span class='ocrx_word' id='word_1_39' title='bbox 143 817 261 882; x_wconf 85' lang='lat' dir='ltr'><strong>sistens</strong></span> <span class='ocrx_word' id='word_1_40' title='bbox 285 815 494 883; x_wconf 89' lang='lat' dir='ltr'><strong>Nectanabus</strong></span> <span class='ocrx_word' id='word_1_41' title='bbox 517 818 766 903; x_wconf 84' lang='lat' dir='ltr'><strong>inspectensque</strong></span> <span class='ocrx_word' id='word_1_42' title='bbox 794 819 926 885; x_wconf 88' lang='lat' dir='ltr'><strong>coelites</strong></span> <span class='ocrx_word' id='word_1_43' title='bbox 950 840 1076 903; x_wconf 88' lang='lat' dir='ltr'><strong>cursus,</strong></span> <span class='ocrx_word' id='word_1_44' title='bbox 1099 841 1156 886; x_wconf 92' lang='lat' dir='ltr'><strong>no-</strong></span> 
     </span>
     <span class='ocr_line' id='line_1_8' title="bbox 143 905 1155 993; baseline 0.001 -22"><span class='ocrx_word' id='word_1_45' title='bbox 143 909 217 971; x_wconf 88' lang='lat' dir='ltr'><strong>tans</strong></span> <span class='ocrx_word' id='word_1_46' title='bbox 240 906 339 971; x_wconf 90' lang='lat' dir='ltr'><strong>etiam</strong></span> <span class='ocrx_word' id='word_1_47' title='bbox 363 905 528 971; x_wconf 87' lang='lat' dir='ltr'><strong>mundana</strong></span> <span class='ocrx_word' id='word_1_48' title='bbox 551 909 690 992; x_wconf 87' lang='lat' dir='ltr'><strong>secreta,</strong></span> <span class='ocrx_word' id='word_1_49' title='bbox 717 907 835 993; x_wconf 88' lang='lat' dir='ltr'><strong>peritia</strong></span> <span class='ocrx_word' id='word_1_50' title='bbox 862 911 992 974; x_wconf 86' lang='lat' dir='ltr'><strong>auctore</strong></span> <span class='ocrx_word' id='word_1_51' title='bbox 1022 907 1155 993; x_wconf 68' lang='lat' dir='ltr'><strong>‘Mane&#39;</strong></span> 
     </span>
    </p>
   </div>
   <div class='ocr_carea' id='block_1_3' title="bbox 141 994 1195 1612">
    <p class='ocr_par' dir='ltr' id='par_1_4' title="bbox 141 994 1195 1612">
     <span class='ocr_line' id='line_1_9' title="bbox 142 994 1155 1081; baseline 0.004 -23"><span class='ocrx_word' id='word_1_52' title='bbox 142 994 262 1080; x_wconf 86' lang='lat' dir='ltr'><strong>inquit,</strong></span> <span class='ocrx_word' id='word_1_53' title='bbox 286 994 436 1080; x_wconf 69' lang='lat' dir='ltr'><strong>‘quaeso‚</strong></span> <span class='ocrx_word' id='word_1_54' title='bbox 465 995 510 1060; x_wconf 93' lang='lat' dir='ltr'><strong>mi</strong></span> <span class='ocrx_word' id='word_1_55' title='bbox 533 994 662 1078; x_wconf 89' lang='lat' dir='ltr'><strong>mulier,</strong></span> <span class='ocrx_word' id='word_1_56' title='bbox 685 999 719 1059; x_wconf 90' lang='lat' dir='ltr'><strong>et</strong></span> <span class='ocrx_word' id='word_1_57' title='bbox 741 995 1042 1081; x_wconf 74' lang='lat' dir='ltr'><strong>vim&#39;partitudinis</strong></span> <span class='ocrx_word' id='word_1_58' title='bbox 1064 998 1155 1062; x_wconf 87' lang='lat' dir='ltr'><strong>vince</strong></span> 
     </span>
     <span class='ocr_line' id='line_1_10' title="bbox 142 1083 1155 1170; baseline 0.004 -24"><span class='ocrx_word' id='word_1_59' title='bbox 142 1084 313 1166; x_wconf 71' lang='lat' dir='ltr'><strong>reprimas</strong></span> <span class='ocrx_word' id='word_1_60' title='bbox 336 1083 504 1167; x_wconf 76' lang='lat' dir='ltr'><strong>periturae</strong></span> <span class='ocrx_word' id='word_1_61' title='bbox 533 1083 760 1148; x_wconf 86' lang='lat' dir='ltr'><strong>netessitatem</strong></span> <span class='ocrx_word' id='word_1_62' title='bbox 790 1084 1004 1169; x_wconf 78' lang='lat' dir='ltr'><strong>imminentis3</strong></span> <span class='ocrx_word' id='word_1_63' title='bbox 1037 1086 1155 1170; x_wconf 90' lang='lat' dir='ltr'><strong>quippe</strong></span> 
     </span>
     <span class='ocr_line' id='line_1_11' title="bbox 143 1170 1195 1290; baseline 0.006 -54"><span class='ocrx_word' id='word_1_64' title='bbox 143 1171 171 1236; x_wconf 92' lang='lat' dir='ltr'><strong>si</strong></span> <span class='ocrx_word' id='word_1_65' title='bbox 193 1192 278 1237; x_wconf 89' lang='lat' dir='ltr'><strong>nunc</strong></span> <span class='ocrx_word' id='word_1_66' title='bbox 299 1170 360 1235; x_wconf 87' lang='lat' dir='ltr'><strong>fiat</strong></span> <span class='ocrx_word' id='word_1_67' title='bbox 382 1171 488 1236; x_wconf 89' lang='lat' dir='ltr'><strong>editus</strong></span> <span class='ocrx_word' id='word_1_68' title='bbox 511 1175 639 1274; x_wconf 77' lang='lat' dir='ltr'><strong>partus,</strong></span> <span class='ocrx_word' id='word_1_69' title='bbox 663 1173 786 1274; x_wconf 40' lang='lat' dir='ltr'><strong>servile·</strong></span> <span class='ocrx_word' id='word_1_70' title='bbox 801 1172 953 1290; x_wconf 69' lang='lat' dir='ltr'><strong>quiddqm</strong></span> <span class='ocrx_word' id='word_1_71' title='bbox 977 1173 1195 1260; x_wconf 85' lang='lat' dir='ltr'><strong>captivum-10</strong></span> 
     </span>
     <span class='ocr_line' id='line_1_12' title="bbox 143 1260 1155 1435; baseline 0.005 -23"><span class='ocrx_word' id='word_1_72' title='bbox 143 1263 689 1414; x_wconf 68' lang='lat' dir='ltr'><strong>t}tctttt.l3ltt{¹.ttt</strong></span> <span class='ocrx_word' id='word_1_73' title='bbox 707 1264 922 1435; x_wconf 58' lang='lat' dir='ltr'><strong>tutta</strong></span> <span class='ocrx_word' id='word_1_74' title='bbox 946 1260 1066 1416; x_wconf 65' lang='lat' dir='ltr'><strong>liti</strong></span> <span class='ocrx_word' id='word_1_75' title='bbox 1082 1284 1155 1435; x_wconf 68' lang='lat' dir='ltr'><strong>{tl</strong></span> 
     </span>
     <span class='ocr_line' id='line_1_13' title="bbox 142 1436 1154 1523; baseline 0.003 -22"><span class='ocrx_word' id='word_1_76' title='bbox 142 1439 277 1519; x_wconf 81' lang='lat' dir='ltr'><strong>seretur,</strong></span> <span class='ocrx_word' id='word_1_77' title='bbox 294 1457 407 1502; x_wconf 88' lang='lat' dir='ltr'><strong>rursus</strong></span> <span class='ocrx_word' id='word_1_78' title='bbox 427 1436 632 1502; x_wconf 79' lang='lat' dir='ltr'><strong>admonetur:</strong></span> <span class='ocrx_word' id='word_1_79' title='bbox 657 1436 763 1502; x_wconf 76' lang='lat' dir='ltr'><strong>‘Nunc</strong></span> <span class='ocrx_word' id='word_1_80' title='bbox 782 1437 890 1521; x_wconf 87' lang='lat' dir='ltr'><strong>etiam,</strong></span> <span class='ocrx_word' id='word_1_81' title='bbox 912 1460 1042 1523; x_wconf 87' lang='lat' dir='ltr'><strong>quaeso,</strong></span> <span class='ocrx_word' id='word_1_82' title='bbox 1060 1438 1154 1504; x_wconf 90' lang='lat' dir='ltr'><strong>dura·</strong></span> 
     </span>
     <span class='ocr_line' id='line_1_14' title="bbox 141 1521 1156 1612; baseline 0.003 -23"><span class='ocrx_word' id='word_1_83' title='bbox 141 1526 226 1590; x_wconf 84' lang='lat' dir='ltr'><strong>veris</strong></span> <span class='ocrx_word' id='word_1_84' title='bbox 254 1521 437 1610; x_wconf 86' lang='lat' dir='ltr'><strong>paululum,</strong></span> <span class='ocrx_word' id='word_1_85' title='bbox 465 1525 584 1611; x_wconf 90' lang='lat' dir='ltr'><strong>quippe</strong></span> <span class='ocrx_word' id='word_1_86' title='bbox 613 1525 641 1589; x_wconf 88' lang='lat' dir='ltr'><strong>si</strong></span> <span class='ocrx_word' id='word_1_87' title='bbox 669 1524 759 1590; x_wconf 89' lang='lat' dir='ltr'><strong>editu</strong></span> <span class='ocrx_word' id='word_1_88' title='bbox 784 1525 873 1591; x_wconf 85' lang='lat' dir='ltr'><strong>victa</strong></span> <span class='ocrx_word' id='word_1_89' title='bbox 901 1527 961 1608; x_wconf 84' lang='lat' dir='ltr'><strong>sis,</strong></span> <span class='ocrx_word' id='word_1_90' title='bbox 989 1528 1095 1612; x_wconf 90' lang='lat' dir='ltr'><strong>gallus</strong></span> <span class='ocrx_word' id='word_1_91' title='bbox 1123 1533 1156 1592; x_wconf 88' lang='lat' dir='ltr'><strong>et</strong></span> 
     </span>
    </p>
   </div>
   <div class='ocr_carea' id='block_1_4' title="bbox 143 1611 1317 1699">
    <p class='ocr_par' dir='ltr' id='par_1_5' title="bbox 143 1611 1317 1699">
     <span class='ocr_line' id='line_1_15' title="bbox 143 1611 1317 1699; baseline 0.002 -20"><span class='ocrx_word' id='word_1_92' title='bbox 143 1614 274 1679; x_wconf 86' lang='lat' dir='ltr'><strong>semivir</strong></span> <span class='ocrx_word' id='word_1_93' title='bbox 297 1614 371 1697; x_wconf 89' lang='lat' dir='ltr'><strong>erit,</strong></span> <span class='ocrx_word' id='word_1_94' title='bbox 397 1613 452 1698; x_wconf 93' lang='lat' dir='ltr'><strong>qui</strong></span> <span class='ocrx_word' id='word_1_95' title='bbox 474 1611 646 1682; x_wconf 90' lang='lat' dir='ltr'><strong>nascetur.&#39;</strong></span> <span class='ocrx_word' id='word_1_96' title='bbox 693 1612 786 1677; x_wconf 83' lang='lat' dir='ltr'><strong>Talia</strong></span> <span class='ocrx_word' id='word_1_97' title='bbox 810 1618 843 1679; x_wconf 93' lang='lat' dir='ltr'><strong>et</strong></span> <span class='ocrx_word' id='word_1_98' title='bbox 865 1614 1019 1679; x_wconf 88' lang='lat' dir='ltr'><strong>blandius</strong></span> <span class='ocrx_word' id='word_1_99' title='bbox 1043 1615 1194 1699; x_wconf 72' lang='lat' dir='ltr'><strong>loque-15</strong></span> <span class='ocrx_word' id='word_1_100' title='bbox 1310 1655 1317 1668; x_wconf 92' lang='lat'><strong>·</strong></span> 
     </span>
    </p>
   </div>
   <div class='ocr_carea' id='block_1_5' title="bbox 139 1701 1207 3026">
    <p class='ocr_par' dir='ltr' id='par_1_6' title="bbox 139 1701 1207 3026">
     <span class='ocr_line' id='line_1_16' title="bbox 141 1701 1155 1782; baseline 0.001 -16"><span class='ocrx_word' id='word_1_101' title='bbox 141 1703 238 1767; x_wconf 91' lang='lat' dir='ltr'><strong>betur</strong></span> <span class='ocrx_word' id='word_1_102' title='bbox 261 1706 295 1766; x_wconf 91' lang='lat' dir='ltr'><strong>et</strong></span> <span class='ocrx_word' id='word_1_103' title='bbox 318 1702 500 1767; x_wconf 79' lang='lat' dir='ltr'><strong>adtrectare</strong></span> <span class='ocrx_word' id='word_1_104' title='bbox 524 1701 679 1768; x_wconf 88' lang='lat' dir='ltr'><strong>secretius</strong></span> <span class='ocrx_word' id='word_1_105' title='bbox 698 1701 866 1767; x_wconf 88' lang='lat' dir='ltr'><strong>mulierem</strong></span> <span class='ocrx_word' id='word_1_106' title='bbox 888 1725 955 1767; x_wconf 90' lang='lat' dir='ltr'><strong>non</strong></span> <span class='ocrx_word' id='word_1_107' title='bbox 977 1702 1155 1782; x_wconf 85' lang='lat' dir='ltr'><strong>differebat,</strong></span> 
     </span>
     <span class='ocr_line' id='line_1_17' title="bbox 141 1790 1153 1876; baseline 0.003 -22"><span class='ocrx_word' id='word_1_108' title='bbox 141 1794 231 1856; x_wconf 86' lang='lat' dir='ltr'><strong>tactu</strong></span> <span class='ocrx_word' id='word_1_109' title='bbox 262 1790 361 1855; x_wconf 88' lang='lat' dir='ltr'><strong>etiam</strong></span> <span class='ocrx_word' id='word_1_110' title='bbox 393 1790 611 1874; x_wconf 87' lang='lat' dir='ltr'><strong>opitulaturus</strong></span> <span class='ocrx_word' id='word_1_111' title='bbox 643 1793 693 1855; x_wconf 89' lang='lat' dir='ltr'><strong>att</strong></span> <span class='ocrx_word' id='word_1_112' title='bbox 722 1790 761 1855; x_wconf 90' lang='lat' dir='ltr'><strong>de</strong></span> <span class='ocrx_word' id='word_1_113' title='bbox 782 1840 790 1857; x_wconf 97' lang='lat'><strong>.</strong></span> <span class='ocrx_word' id='word_1_114' title='bbox 809 1839 816 1857; x_wconf 94' lang='lat'><strong>.</strong></span> <span class='ocrx_word' id='word_1_115' title='bbox 835 1839 843 1859; x_wconf 87' lang='lat'><strong>.</strong></span> <span class='ocrx_word' id='word_1_116' title='bbox 862 1790 961 1876; x_wconf 89' lang='lat' dir='ltr'><strong>pueri.</strong></span> <span class='ocrx_word' id='word_1_117' title='bbox 1007 1790 1056 1856; x_wconf 82' lang='lat' dir='ltr'><strong>Ac</strong></span> <span class='ocrx_word' id='word_1_118' title='bbox 1083 1794 1153 1857; x_wconf 87' lang='lat' dir='ltr'><strong>tum</strong></span> 
     </span>
     <span class='ocr_line' id='line_1_18' title="bbox 142 1878 1154 1965; baseline 0.001 -21"><span class='ocrx_word' id='word_1_119' title='bbox 142 1879 270 1944; x_wconf 91' lang='lat' dir='ltr'><strong>demum</strong></span> <span class='ocrx_word' id='word_1_120' title='bbox 294 1879 400 1944; x_wconf 89' lang='lat' dir='ltr'><strong>acrius</strong></span> <span class='ocrx_word' id='word_1_121' title='bbox 424 1878 555 1944; x_wconf 88' lang='lat' dir='ltr'><strong>intuens</strong></span> <span class='ocrx_word' id='word_1_122' title='bbox 579 1899 690 1944; x_wconf 90' lang='lat' dir='ltr'><strong>cursus</strong></span> <span class='ocrx_word' id='word_1_123' title='bbox 714 1882 877 1944; x_wconf 87' lang='lat' dir='ltr'><strong>astrorum</strong></span> <span class='ocrx_word' id='word_1_124' title='bbox 897 1883 1068 1965; x_wconf 90' lang='lat' dir='ltr'><strong>motusque</strong></span> <span class='ocrx_word' id='word_1_125' title='bbox 1093 1881 1154 1945; x_wconf 91' lang='lat' dir='ltr'><strong>ele·</strong></span> 
     </span>
     <span class='ocr_line' id='line_1_19' title="bbox 142 1966 1152 2052; baseline 0.003 -21"><span class='ocrx_word' id='word_1_126' title='bbox 142 1971 323 2033; x_wconf 91' lang='lat' dir='ltr'><strong>mentorum</strong></span> <span class='ocrx_word' id='word_1_127' title='bbox 351 1967 519 2052; x_wconf 81' lang='lat' dir='ltr'><strong>cognoscit</strong></span> <span class='ocrx_word' id='word_1_128' title='bbox 545 1966 612 2031; x_wconf 88' lang='lat' dir='ltr'><strong>iam</strong></span> <span class='ocrx_word' id='word_1_129' title='bbox 635 1987 764 2032; x_wconf 89' lang='lat' dir='ltr'><strong>omnem</strong></span> <span class='ocrx_word' id='word_1_130' title='bbox 788 1968 943 2032; x_wconf 89' lang='lat' dir='ltr'><strong>mundum</strong></span> <span class='ocrx_word' id='word_1_131' title='bbox 966 1969 1032 2034; x_wconf 85' lang='lat' dir='ltr'><strong>vim</strong></span> <span class='ocrx_word' id='word_1_132' title='bbox 1061 1991 1152 2034; x_wconf 89' lang='lat' dir='ltr'><strong>suam</strong></span> 
     </span>
     <span class='ocr_line' id='line_1_20' title="bbox 140 2055 1194 2142; baseline 0.006 -22"><span class='ocrx_word' id='word_1_133' title='bbox 140 2056 175 2120; x_wconf 95' lang='lat' dir='ltr'><strong>in</strong></span> <span class='ocrx_word' id='word_1_134' title='bbox 194 2075 320 2120; x_wconf 90' lang='lat' dir='ltr'><strong>summo</strong></span> <span class='ocrx_word' id='word_1_135' title='bbox 340 2055 480 2121; x_wconf 88' lang='lat' dir='ltr'><strong>culmine</strong></span> <span class='ocrx_word' id='word_1_136' title='bbox 499 2055 722 2121; x_wconf 80' lang='lat' dir='ltr'><strong>conversionis</strong></span> <span class='ocrx_word' id='word_1_137' title='bbox 741 2055 813 2120; x_wconf 90' lang='lat' dir='ltr'><strong>lene</strong></span> <span class='ocrx_word' id='word_1_138' title='bbox 832 2056 970 2122; x_wconf 90' lang='lat' dir='ltr'><strong>librasse</strong></span> <span class='ocrx_word' id='word_1_139' title='bbox 989 2057 1153 2142; x_wconf 88' lang='lat' dir='ltr'><strong>solemque</strong></span> <span class='ocrx_word' id='word_1_140' title='bbox 1169 2087 1194 2126; x_wconf 80' lang='lat' dir='ltr'><strong>so</strong></span> 
     </span>
     <span class='ocr_line' id='line_1_21' title="bbox 140 2143 1153 2230; baseline 0.003 -23"><span class='ocrx_word' id='word_1_141' title='bbox 140 2145 249 2230; x_wconf 90' lang='lat' dir='ltr'><strong>ipsum</strong></span> <span class='ocrx_word' id='word_1_142' title='bbox 272 2143 411 2208; x_wconf 85' lang='lat' dir='ltr'><strong>mediam</strong></span> <span class='ocrx_word' id='word_1_143' title='bbox 435 2143 515 2209; x_wconf 87' lang='lat' dir='ltr'><strong>caeli</strong></span> <span class='ocrx_word' id='word_1_144' title='bbox 538 2144 671 2230; x_wconf 88' lang='lat' dir='ltr'><strong>plagam</strong></span> <span class='ocrx_word' id='word_1_145' title='bbox 700 2147 733 2208; x_wconf 94' lang='lat' dir='ltr'><strong>et</strong></span> <span class='ocrx_word' id='word_1_146' title='bbox 760 2146 895 2210; x_wconf 87' lang='lat' dir='ltr'><strong>convexi</strong></span> <span class='ocrx_word' id='word_1_147' title='bbox 921 2144 1059 2210; x_wconf 87' lang='lat' dir='ltr'><strong>celsiora</strong></span> <span class='ocrx_word' id='word_1_148' title='bbox 1083 2167 1153 2230; x_wconf 89' lang='lat' dir='ltr'><strong>per-</strong></span> 
     </span>
     <span class='ocr_line' id='line_1_22' title="bbox 141 2231 1152 2317; baseline 0.003 -21"><span class='ocrx_word' id='word_1_149' title='bbox 141 2253 277 2298; x_wconf 90' lang='lat' dir='ltr'><strong>currere.</strong></span> <span class='ocrx_word' id='word_1_150' title='bbox 319 2231 409 2297; x_wconf 88' lang='lat' dir='ltr'><strong>Tunc</strong></span> <span class='ocrx_word' id='word_1_151' title='bbox 433 2251 510 2317; x_wconf 84' lang='lat' dir='ltr'><strong>ergo</strong></span> <span class='ocrx_word' id='word_1_152' title='bbox 535 2232 576 2297; x_wconf 90' lang='lat' dir='ltr'><strong>ad</strong></span> <span class='ocrx_word' id='word_1_153' title='bbox 595 2232 763 2297; x_wconf 90' lang='lat' dir='ltr'><strong>mulierem</strong></span> <span class='ocrx_word' id='word_1_154' title='bbox 788 2233 835 2297; x_wconf 88' lang='lat' dir='ltr'><strong>sio</strong></span> <span class='ocrx_word' id='word_1_155' title='bbox 857 2233 916 2298; x_wconf 87' lang='lat' dir='ltr'><strong>ait:</strong></span> <span class='ocrx_word' id='word_1_156' title='bbox 940 2231 1004 2298; x_wconf 76' lang='lat' dir='ltr'><strong>‘En</strong></span> <span class='ocrx_word' id='word_1_157' title='bbox 1022 2237 1152 2316; x_wconf 90' lang='lat' dir='ltr'><strong>tempus</strong></span> 
     </span>
     <span class='ocr_line' id='line_1_23' title="bbox 141 2319 1153 2407; baseline 0 -21"><span class='ocrx_word' id='word_1_158' title='bbox 141 2319 211 2407; x_wconf 88' lang='lat' dir='ltr'><strong>est,&#39;</strong></span> <span class='ocrx_word' id='word_1_159' title='bbox 230 2320 345 2405; x_wconf 85' lang='lat' dir='ltr'><strong>inquit,</strong></span> <span class='ocrx_word' id='word_1_160' title='bbox 365 2319 455 2385; x_wconf 75' lang='lat' dir='ltr'><strong>‘voce</strong></span> <span class='ocrx_word' id='word_1_161' title='bbox 469 2342 555 2385; x_wconf 89' lang='lat' dir='ltr'><strong>nunc</strong></span> <span class='ocrx_word' id='word_1_162' title='bbox 569 2320 706 2385; x_wconf 83' lang='lat' dir='ltr'><strong>fortiore</strong></span> <span class='ocrx_word' id='word_1_163' title='bbox 725 2341 805 2405; x_wconf 91' lang='lat' dir='ltr'><strong>opus</strong></span> <span class='ocrx_word' id='word_1_164' title='bbox 821 2324 917 2386; x_wconf 89' lang='lat' dir='ltr'><strong>estet</strong></span> <span class='ocrx_word' id='word_1_165' title='bbox 932 2321 1153 2388; x_wconf 86' lang='lat' dir='ltr'><strong>obfirmatiore</strong></span> 
     </span>
     <span class='ocr_line' id='line_1_24' title="bbox 140 2408 1152 2494; baseline 0.001 -20"><span class='ocrx_word' id='word_1_166' title='bbox 140 2413 274 2494; x_wconf 84' lang='lat' dir='ltr'><strong>conatu,</strong></span> <span class='ocrx_word' id='word_1_167' title='bbox 302 2409 420 2494; x_wconf 90' lang='lat' dir='ltr'><strong>quippe</strong></span> <span class='ocrx_word' id='word_1_168' title='bbox 444 2409 531 2494; x_wconf 94' lang='lat' dir='ltr'><strong>quod</strong></span> <span class='ocrx_word' id='word_1_169' title='bbox 553 2431 640 2474; x_wconf 91' lang='lat' dir='ltr'><strong>nnnc</strong></span> <span class='ocrx_word' id='word_1_170' title='bbox 663 2409 726 2474; x_wconf 90' lang='lat' dir='ltr'><strong>erit</strong></span> <span class='ocrx_word' id='word_1_171' title='bbox 748 2408 884 2492; x_wconf 89' lang='lat' dir='ltr'><strong>editum,</strong></span> <span class='ocrx_word' id='word_1_172' title='bbox 913 2410 1024 2474; x_wconf 90' lang='lat' dir='ltr'><strong>mundi</strong></span> <span class='ocrx_word' id='word_1_173' title='bbox 1051 2411 1152 2475; x_wconf 90' lang='lat' dir='ltr'><strong>totius</strong></span> 
     </span>
     <span class='ocr_line' id='line_1_25' title="bbox 141 2495 1195 2583; baseline 0.002 -20"><span class='ocrx_word' id='word_1_174' title='bbox 141 2498 285 2563; x_wconf 92' lang='lat' dir='ltr'><strong>dominio</strong></span> <span class='ocrx_word' id='word_1_175' title='bbox 317 2496 557 2563; x_wconf 88' lang='lat' dir='ltr'><strong>celebrabitur.&#39;</strong></span> <span class='ocrx_word' id='word_1_176' title='bbox 610 2495 671 2560; x_wconf 89' lang='lat' dir='ltr'><strong>His</strong></span> <span class='ocrx_word' id='word_1_177' title='bbox 705 2496 827 2561; x_wconf 83' lang='lat' dir='ltr'><strong>femina</strong></span> <span class='ocrx_word' id='word_1_178' title='bbox 859 2498 995 2561; x_wconf 88' lang='lat' dir='ltr'><strong>incitata</strong></span> <span class='ocrx_word' id='word_1_179' title='bbox 1027 2498 1153 2583; x_wconf 82' lang='lat' dir='ltr'><strong>mugitu</strong></span> <span class='ocrx_word' id='word_1_180' title='bbox 1169 2527 1195 2568; x_wconf 74' lang='lat' dir='ltr'><strong>aa</strong></span> 
     </span>
     <span class='ocr_line' id='line_1_26' title="bbox 141 2584 1154 2670; baseline -0.002 -18"><span class='ocrx_word' id='word_1_181' title='bbox 141 2587 231 2653; x_wconf 93' lang='lat' dir='ltr'><strong>omni</strong></span> <span class='ocrx_word' id='word_1_182' title='bbox 248 2585 471 2651; x_wconf 87' lang='lat' dir='ltr'><strong>vehementius</strong></span> <span class='ocrx_word' id='word_1_183' title='bbox 495 2585 711 2670; x_wconf 78' lang='lat' dir='ltr'><strong>ingemiscens</strong></span> <span class='ocrx_word' id='word_1_184' title='bbox 730 2584 839 2668; x_wconf 81' lang='lat' dir='ltr'><strong>exegit</strong></span> <span class='ocrx_word' id='word_1_185' title='bbox 856 2607 1001 2670; x_wconf 82' lang='lat' dir='ltr'><strong>puerum,</strong></span> <span class='ocrx_word' id='word_1_186' title='bbox 1024 2587 1079 2670; x_wconf 90' lang='lat' dir='ltr'><strong>qui</strong></span> <span class='ocrx_word' id='word_1_187' title='bbox 1096 2586 1154 2651; x_wconf 88' lang='lat' dir='ltr'><strong>ubi</strong></span> 
     </span>
     <span class='ocr_line' id='line_1_27' title="bbox 141 2673 1152 2759; baseline -0.001 -18"><span class='ocrx_word' id='word_1_188' title='bbox 141 2675 181 2741; x_wconf 88' lang='lat' dir='ltr'><strong>ad</strong></span> <span class='ocrx_word' id='word_1_189' title='bbox 201 2675 336 2740; x_wconf 90' lang='lat' dir='ltr'><strong>humum</strong></span> <span class='ocrx_word' id='word_1_190' title='bbox 355 2673 467 2758; x_wconf 87' lang='lat' dir='ltr'><strong>lapsus</strong></span> <span class='ocrx_word' id='word_1_191' title='bbox 488 2678 545 2758; x_wconf 83' lang='lat' dir='ltr'><strong>est,</strong></span> <span class='ocrx_word' id='word_1_192' title='bbox 565 2677 673 2739; x_wconf 89' lang='lat' dir='ltr'><strong>motus</strong></span> <span class='ocrx_word' id='word_1_193' title='bbox 687 2673 835 2758; x_wconf 89' lang='lat' dir='ltr'><strong>protinus</strong></span> <span class='ocrx_word' id='word_1_194' title='bbox 852 2675 957 2739; x_wconf 89' lang='lat' dir='ltr'><strong>terrae</strong></span> <span class='ocrx_word' id='word_1_195' title='bbox 971 2674 1152 2759; x_wconf 87' lang='lat' dir='ltr'><strong>insequitur</strong></span> 
     </span>
     <span class='ocr_line' id='line_1_28' title="bbox 140 2761 1152 2847; baseline 0.001 -19"><span class='ocrx_word' id='word_1_196' title='bbox 140 2767 174 2828; x_wconf 92' lang='lat' dir='ltr'><strong>et</strong></span> <span class='ocrx_word' id='word_1_197' title='bbox 190 2765 371 2828; x_wconf 85' lang='lat' dir='ltr'><strong>tonitruum</strong></span> <span class='ocrx_word' id='word_1_198' title='bbox 390 2783 504 2846; x_wconf 92' lang='lat' dir='ltr'><strong>crepor</strong></span> <span class='ocrx_word' id='word_1_199' title='bbox 517 2765 751 2846; x_wconf 88' lang='lat' dir='ltr'><strong>ventorumque</strong></span> <span class='ocrx_word' id='word_1_200' title='bbox 769 2761 946 2847; x_wconf 85' lang='lat' dir='ltr'><strong>conflictus,</strong></span> <span class='ocrx_word' id='word_1_201' title='bbox 965 2766 1035 2829; x_wconf 90' lang='lat' dir='ltr'><strong>tum</strong></span> <span class='ocrx_word' id='word_1_202' title='bbox 1054 2764 1152 2829; x_wconf 90' lang='lat' dir='ltr'><strong>etiam</strong></span> 
     </span>
     <span class='ocr_line' id='line_1_29' title="bbox 139 2851 1192 2936; baseline 0.006 -21"><span class='ocrx_word' id='word_1_203' title='bbox 139 2851 308 2936; x_wconf 85' lang='lat' dir='ltr'><strong>fulgurum</strong></span> <span class='ocrx_word' id='word_1_204' title='bbox 332 2853 526 2934; x_wconf 84' lang='lat' dir='ltr'><strong>coruscatio,</strong></span> <span class='ocrx_word' id='word_1_205' title='bbox 553 2871 687 2934; x_wconf 91' lang='lat' dir='ltr'><strong>prorsus</strong></span> <span class='ocrx_word' id='word_1_206' title='bbox 715 2855 753 2916; x_wconf 91' lang='lat' dir='ltr'><strong>ut</strong></span> <span class='ocrx_word' id='word_1_207' title='bbox 776 2851 897 2916; x_wconf 83' lang='lat' dir='ltr'><strong>viseres</strong></span> <span class='ocrx_word' id='word_1_208' title='bbox 921 2853 1010 2916; x_wconf 90' lang='lat' dir='ltr'><strong>omni</strong></span> <span class='ocrx_word' id='word_1_209' title='bbox 1033 2852 1152 2917; x_wconf 91' lang='lat' dir='ltr'><strong>mundo</strong></span> <span class='ocrx_word' id='word_1_210' title='bbox 1167 2883 1192 2922; x_wconf 80' lang='lat' dir='ltr'><strong>ro</strong></span> 
     </span>
     <span class='ocr_line' id='line_1_30' title="bbox 140 2937 1207 3026; baseline 0.003 -22"><span class='ocrx_word' id='word_1_211' title='bbox 140 2961 250 3005; x_wconf 88' lang='lat' dir='ltr'><strong>curam</strong></span> <span class='ocrx_word' id='word_1_212' title='bbox 269 2961 343 3004; x_wconf 91' lang='lat' dir='ltr'><strong>cum</strong></span> <span class='ocrx_word' id='word_1_213' title='bbox 361 2939 418 3004; x_wconf 91' lang='lat' dir='ltr'><strong>illa</strong></span> <span class='ocrx_word' id='word_1_214' title='bbox 430 2937 631 3023; x_wconf 87' lang='lat' dir='ltr'><strong>partitudine</strong></span> <span class='ocrx_word' id='word_1_215' title='bbox 650 2940 862 3007; x_wconf 85' lang='lat' dir='ltr'><strong>elaboratam.</strong></span> <span class='ocrx_word' id='word_1_216' title='bbox 889 2939 979 3026; x_wconf 82' lang='lat' dir='ltr'><strong>Ergo</strong></span> <span class='ocrx_word' id='word_1_217' title='bbox 1000 2941 1047 3005; x_wconf 89' lang='lat' dir='ltr'><strong>ait</strong></span> <span class='ocrx_word' id='word_1_218' title='bbox 1066 2946 1098 3007; x_wconf 86' lang='lat' dir='ltr'><strong>et</strong></span> <span class='ocrx_word' id='word_1_219' title='bbox 1136 2945 1207 3000; x_wconf 79' lang='lat' dir='ltr'>XIII-</span> 
     </span>
    </p>
   </div>
   <div class='ocr_carea' id='block_1_6' title="bbox 139 3077 1153 3642">
    <p class='ocr_par' dir='ltr' id='par_1_7' title="bbox 230 3077 914 3148">
     <span class='ocr_line' id='line_1_31' title="bbox 230 3077 914 3148; baseline 0.001 -16"><span class='ocrx_word' id='word_1_220' title='bbox 230 3083 245 3132; x_wconf 90' lang='lat'>1</span> <span class='ocrx_word' id='word_1_221' title='bbox 264 3077 440 3147; x_wconf 86' lang='lat' dir='ltr'><strong>portendisse</strong></span> <span class='ocrx_word' id='word_1_222' title='bbox 459 3083 486 3131; x_wconf 72' lang='grc' dir='ltr'><strong>τ.</strong></span> <span class='ocrx_word' id='word_1_223' title='bbox 493 3077 525 3132; x_wconf 92' lang='lat' dir='ltr'><strong>P.</strong></span> <span class='ocrx_word' id='word_1_224' title='bbox 553 3078 730 3146; x_wconf 87' lang='lat' dir='ltr'><strong>portendisse</strong></span> <span class='ocrx_word' id='word_1_225' title='bbox 748 3077 839 3148; x_wconf 84' lang='lat' dir='ltr'><strong>liquet</strong></span> <span class='ocrx_word' id='word_1_226' title='bbox 857 3078 914 3133; x_wconf 83' lang='lat' dir='ltr'><strong>Mr.</strong></span> 
     </span>
    </p>

    <p class='ocr_par' dir='ltr' id='par_1_8' title="bbox 139 3146 1153 3642">
     <span class='ocr_line' id='line_1_32' title="bbox 229 3146 1150 3205; baseline 0.001 -3"><span class='ocrx_word' id='word_1_227' title='bbox 229 3148 259 3204; x_wconf 85' lang='lat' dir='ltr'><strong>o.</strong></span> <span class='ocrx_word' id='word_1_228' title='bbox 279 3151 295 3201; x_wconf 79' lang='grc' dir='ltr'>ὅ</span> <span class='ocrx_word' id='word_1_229' title='bbox 316 3147 382 3202; x_wconf 80' lang='lat' dir='ltr'><strong>‘Sed</strong></span> <span class='ocrx_word' id='word_1_230' title='bbox 402 3146 539 3202; x_wconf 88' lang='lat' dir='ltr'><strong>adsistens</strong></span> <span class='ocrx_word' id='word_1_231' title='bbox 559 3153 650 3205; x_wconf 80' lang='lat' dir='ltr'><strong>cla-</strong></span> <span class='ocrx_word' id='word_1_232' title='bbox 662 3153 696 3203; x_wconf 73' lang='lat'><strong>26</strong></span> <span class='ocrx_word' id='word_1_233' title='bbox 710 3148 762 3203; x_wconf 89' lang='lat' dir='ltr'><strong>His</strong></span> <span class='ocrx_word' id='word_1_234' title='bbox 780 3148 886 3203; x_wconf 87' lang='lat' dir='ltr'><strong>femina</strong></span> <span class='ocrx_word' id='word_1_235' title='bbox 905 3147 1034 3202; x_wconf 87' lang='lat' dir='ltr'><strong>incitate’</strong></span> <span class='ocrx_word' id='word_1_236' title='bbox 1055 3163 1106 3202; x_wconf 86' lang='lat' dir='ltr'><strong>om.</strong></span> <span class='ocrx_word' id='word_1_237' title='bbox 1117 3148 1150 3203; x_wconf 93' lang='lat' dir='ltr'><strong>P.</strong></span> 
     </span>
     <span class='ocr_line' id='line_1_33' title="bbox 140 3219 1151 3289; baseline -0.002 -15"><span class='ocrx_word' id='word_1_238' title='bbox 140 3225 156 3274; x_wconf 83' lang='lat'>9</span> <span class='ocrx_word' id='word_1_239' title='bbox 166 3219 320 3288; x_wconf 87' lang='lat' dir='ltr'><strong>reprimens</strong></span> <span class='ocrx_word' id='word_1_240' title='bbox 330 3219 476 3288; x_wconf 82' lang='lat' dir='ltr'><strong>geniturae</strong></span> <span class='ocrx_word' id='word_1_241' title='bbox 487 3221 616 3289; x_wconf 78' lang='lat' dir='ltr'><strong>temptaui</strong></span> <span class='ocrx_word' id='word_1_242' title='bbox 624 3220 778 3284; x_wconf 51' lang='lat' dir='ltr'><strong>restituere</strong></span> <span class='ocrx_word' id='word_1_243' title='bbox 794 3235 864 3287; x_wconf 77' lang='lat' dir='ltr'><strong>qaue</strong></span> <span class='ocrx_word' id='word_1_244' title='bbox 872 3221 904 3272; x_wconf 78' lang='lat' dir='ltr'><strong>iu</strong></span> <span class='ocrx_word' id='word_1_245' title='bbox 913 3225 940 3272; x_wconf 68' lang='grc' dir='ltr'><strong>τ.</strong></span> <span class='ocrx_word' id='word_1_246' title='bbox 951 3219 1055 3287; x_wconf 82' lang='lat' dir='ltr'><strong>scriptu</strong></span> <span class='ocrx_word' id='word_1_247' title='bbox 1064 3224 1151 3286; x_wconf 81' lang='lat' dir='ltr'><strong>eruut,</strong></span> 
     </span>
     <span class='ocr_line' id='line_1_34' title="bbox 140 3287 1152 3360; baseline -0.001 -15"><span class='ocrx_word' id='word_1_248' title='bbox 140 3291 224 3360; x_wconf 66' lang='lat' dir='ltr'><strong>leyen</strong></span> <span class='ocrx_word' id='word_1_249' title='bbox 237 3306 295 3344; x_wconf 81' lang='lat' dir='ltr'><strong>uua</strong></span> <span class='ocrx_word' id='word_1_250' title='bbox 303 3295 436 3359; x_wconf 82' lang='lat' dir='ltr'><strong>poteram.</strong></span> <span class='ocrx_word' id='word_1_251' title='bbox 467 3294 499 3343; x_wconf 92' lang='lat'><strong>10</strong></span> <span class='ocrx_word' id='word_1_252' title='bbox 513 3287 660 3360; x_wconf 86' lang='lat' dir='ltr'><strong>quiddam]</strong></span> <span class='ocrx_word' id='word_1_253' title='bbox 671 3288 787 3356; x_wconf 88' lang='lat' dir='ltr'><strong>quidam</strong></span> <span class='ocrx_word' id='word_1_254' title='bbox 796 3295 823 3342; x_wconf 70' lang='lat' dir='ltr'><strong>s.</strong></span> <span class='ocrx_word' id='word_1_255' title='bbox 850 3294 882 3342; x_wconf 83' lang='lat'><strong>16</strong></span> <span class='ocrx_word' id='word_1_256' title='bbox 896 3290 1026 3342; x_wconf 86' lang='lat' dir='ltr'><strong>nascetur</strong></span> <span class='ocrx_word' id='word_1_257' title='bbox 1038 3290 1137 3358; x_wconf 81' lang='lat' dir='ltr'><strong>scripsi</strong></span> <span class='ocrx_word' id='word_1_258' title='bbox 1142 3309 1152 3355; x_wconf 93' lang='lat'><strong>,·</strong></span> 
     </span>
     <span class='ocr_line' id='line_1_35' title="bbox 140 3359 1152 3431; baseline 0 -16"><span class='ocrx_word' id='word_1_259' title='bbox 140 3361 265 3415; x_wconf 88' lang='lat' dir='ltr'><strong>nascitur</strong></span> <span class='ocrx_word' id='word_1_260' title='bbox 275 3366 302 3414; x_wconf 72' lang='grc' dir='ltr'><strong>τ.</strong></span> <span class='ocrx_word' id='word_1_261' title='bbox 340 3364 372 3414; x_wconf 82' lang='grc'><strong>17</strong></span> <span class='ocrx_word' id='word_1_262' title='bbox 389 3361 432 3414; x_wconf 88' lang='lat' dir='ltr'><strong>att</strong></span> <span class='ocrx_word' id='word_1_263' title='bbox 442 3360 488 3415; x_wconf 89' lang='lat' dir='ltr'><strong>de.</strong></span> <span class='ocrx_word' id='word_1_264' title='bbox 500 3401 507 3414; x_wconf 98' lang='lat'><strong>.</strong></span> <span class='ocrx_word' id='word_1_265' title='bbox 518 3360 542 3431; x_wconf 92' lang='lat'><strong>.]</strong></span> <span class='ocrx_word' id='word_1_266' title='bbox 552 3361 650 3427; x_wconf 72' lang='lat' dir='ltr'><strong>desum</strong></span> <span class='ocrx_word' id='word_1_267' title='bbox 659 3360 777 3428; x_wconf 77' lang='lat' dir='ltr'><strong>quinque</strong></span> <span class='ocrx_word' id='word_1_268' title='bbox 785 3359 842 3427; x_wconf 72' lang='lat' dir='ltr'><strong>sere</strong></span> <span class='ocrx_word' id='word_1_269' title='bbox 851 3360 965 3425; x_wconf 82' lang='lat' dir='ltr'><strong>litterae,</strong></span> <span class='ocrx_word' id='word_1_270' title='bbox 979 3374 1152 3430; x_wconf 69' lang='lat' dir='ltr'><strong>quaesoque-</strong></span> 
     </span>
     <span class='ocr_line' id='line_1_36' title="bbox 139 3429 1152 3501; baseline 0 -15"><span class='ocrx_word' id='word_1_271' title='bbox 139 3448 211 3486; x_wconf 80' lang='lat' dir='ltr'><strong>ccere</strong></span> <span class='ocrx_word' id='word_1_272' title='bbox 224 3447 281 3486; x_wconf 81' lang='lat' dir='ltr'><strong>nou</strong></span> <span class='ocrx_word' id='word_1_273' title='bbox 291 3435 423 3499; x_wconf 74' lang='lat' dir='ltr'><strong>poteram.</strong></span> <span class='ocrx_word' id='word_1_274' title='bbox 443 3429 641 3484; x_wconf 88' lang='lat' dir='ltr'><strong>accelerationi</strong></span> <span class='ocrx_word' id='word_1_275' title='bbox 655 3431 705 3484; x_wconf 87' lang='lat' dir='ltr'><strong>Br.</strong></span> <span class='ocrx_word' id='word_1_276' title='bbox 714 3430 786 3485; x_wconf 79' lang='lat' dir='ltr'><strong>Keil.</strong></span> <span class='ocrx_word' id='word_1_277' title='bbox 824 3434 858 3483; x_wconf 75' lang='lat'><strong>20</strong></span> <span class='ocrx_word' id='word_1_278' title='bbox 873 3429 936 3484; x_wconf 92' lang='lat' dir='ltr'><strong>lene</strong></span> <span class='ocrx_word' id='word_1_279' title='bbox 949 3430 1078 3501; x_wconf 86' lang='lat' dir='ltr'><strong>librasse]</strong></span> <span class='ocrx_word' id='word_1_280' title='bbox 1090 3429 1152 3490; x_wconf 85' lang='lat' dir='ltr'><strong>lene</strong></span> 
     </span>
     <span class='ocr_line' id='line_1_37' title="bbox 140 3499 1151 3569; baseline -0.002 -13"><span class='ocrx_word' id='word_1_281' title='bbox 140 3501 273 3557; x_wconf 84' lang='lat' dir='ltr'><strong>liberasse</strong></span> <span class='ocrx_word' id='word_1_282' title='bbox 292 3502 333 3555; x_wconf 83' lang='lat' dir='ltr'><strong>cel</strong></span> <span class='ocrx_word' id='word_1_283' title='bbox 351 3501 412 3555; x_wconf 88' lang='lat' dir='ltr'><strong>leve</strong></span> <span class='ocrx_word' id='word_1_284' title='bbox 431 3499 565 3555; x_wconf 85' lang='lat' dir='ltr'><strong>liberasse</strong></span> <span class='ocrx_word' id='word_1_285' title='bbox 575 3507 602 3556; x_wconf 73' lang='grc' dir='ltr'><strong>Τ.</strong></span> <span class='ocrx_word' id='word_1_286' title='bbox 645 3505 679 3554; x_wconf 79' lang='lat'><strong>23</strong></span> <span class='ocrx_word' id='word_1_287' title='bbox 699 3516 768 3569; x_wconf 90' lang='lat' dir='ltr'><strong>opus</strong></span> <span class='ocrx_word' id='word_1_288' title='bbox 788 3501 841 3568; x_wconf 87' lang='lat' dir='ltr'><strong>est]</strong></span> <span class='ocrx_word' id='word_1_289' title='bbox 861 3502 903 3553; x_wconf 85' lang='lat' dir='ltr'><strong>est</strong></span> <span class='ocrx_word' id='word_1_290' title='bbox 921 3507 1008 3556; x_wconf 66' lang='lat' dir='ltr'><strong>omAE</strong></span> <span class='ocrx_word' id='word_1_291' title='bbox 1047 3507 1081 3555; x_wconf 81' lang='lat'><strong>29</strong></span> <span class='ocrx_word' id='word_1_292' title='bbox 1099 3500 1151 3554; x_wconf 85' lang='lat' dir='ltr'><strong>ful·</strong></span> 
     </span>
     <span class='ocr_line' id='line_1_38' title="bbox 139 3571 1153 3642; baseline -0.003 -15"><span class='ocrx_word' id='word_1_293' title='bbox 139 3589 240 3642; x_wconf 85' lang='lat' dir='ltr'><strong>gerum</strong></span> <span class='ocrx_word' id='word_1_294' title='bbox 260 3573 319 3626; x_wconf 86' lang='lat' dir='ltr'><strong>Mr.</strong></span> <span class='ocrx_word' id='word_1_295' title='bbox 347 3571 488 3642; x_wconf 82' lang='lat' dir='ltr'><strong>fulgorum</strong></span> <span class='ocrx_word' id='word_1_296' title='bbox 509 3572 543 3627; x_wconf 92' lang='lat' dir='ltr'><strong>P.</strong></span> <span class='ocrx_word' id='word_1_297' title='bbox 623 3575 657 3624; x_wconf 82' lang='lat'><strong>30</strong></span> <span class='ocrx_word' id='word_1_298' title='bbox 677 3586 771 3624; x_wconf 88' lang='lat' dir='ltr'><strong>curam</strong></span> <span class='ocrx_word' id='word_1_299' title='bbox 787 3599 819 3610; x_wconf 90' lang='lat'><em>-</em></span> <span class='ocrx_word' id='word_1_300' title='bbox 835 3571 1021 3640; x_wconf 79' lang='lat' dir='ltr'><strong>elaboratam,</strong></span> <span class='ocrx_word' id='word_1_301' title='bbox 1045 3571 1153 3626; x_wconf 70' lang='lat' dir='ltr'><strong>correct</strong></span> 
     </span>
    </p>
   </div>
   <div class='ocr_carea' id='block_1_7' title="bbox 0 0 1328 3922">
    <p class='ocr_par' dir='ltr' id='par_1_9' title="bbox 0 0 1328 3922">
     <span class='ocr_line' id='line_1_39' title="bbox 0 0 1328 3922; baseline 0 1"><span class='ocrx_word' id='word_1_302' title='bbox 0 0 1328 3922; x_wconf 95' lang='lat' dir='ltr'><strong> </strong></span> 
     </span>
    </p>
   </div>
  </div>
 </body>
</html>
