2650 3920
161 220 224 284 168
575 219 683 274 ιιιιιι
699 220 747 274 ιιι.
850 275 855 284 .
954 187 957 194 ’

160 386 192 448 et
222 382 393 446 Ammonis
424 385 644 466 consecretur,
673 379 838 446 Minervae
868 383 966 446 etiam
997 387 1029 446 et
1059 383 1165 468 Olym

159 470 273 555 piatis,
297 469 410 535 matris
434 490 534 553 meae,
556 490 616 533 nec
638 491 704 534 non
729 470 827 534 etiam
851 469 1002 554 Philippi.
1049 471 1165 536 Omnes

160 559 257 623 etiam
281 562 446 622 curatores
473 557 601 640 imperii
623 557 782 642 imagines
807 562 995 632 consecrent
1017 564 1050 624 et
1074 561 1166 644 signa

160 647 371 731 constituant,
393 666 491 711 aurea
514 645 643 728 quidem
667 646 752 728 apud
773 644 927 729 Delphos,
950 648 1067 712 ceteris
1090 668 1165 710 xero

133 736 194 799 ain
222 734 301 799 locis
329 733 485 798 materiae
510 732 669 798 diversae.
714 731 877 798 Constitui
905 739 1014 799 autem
1042 733 1165 819 effigies

161 822 325 907 oportebit
352 821 537 902 Perdiccae,
565 819 754 903 Alexandri,
782 822 967 906 Ammonis,
992 823 1167 905 Minervae,

160 909 378 994 Olympiadis,
408 907 574 991 Herculis,
603 909 762 994 Philippi,
792 931 876 993 quae
905 932 1017 975 omnes
1047 911 1165 975 divinis

160 997 336 1063 honoribus
364 996 660 1064 consecrabuntur.'
704 996 750 1061 Et
775 996 855 1062 haec
883 999 1013 1083 quidem
1039 1020 1167 1086 summa

160 1087 337 1152 voluntatis
360 1085 536 1150 Alexandri
559 1087 609 1149 est
630 1088 770 1168 accepta.

122 1194 146 1233 ιι
249 1172 308 1240 60.
328 1173 419 1238 Vixit
405 1177 494 1238 ιιιιι
496 1195 546 1237 em
566 1194 669 1237 annos
687 1172 826 1258 triginta
844 1177 877 1237 et
894 1178 970 1241 tres.
1007 1172 1070 1238 Sed
1116 1178 1230 1236 XXXV.
1304 1227 1308 1236 .

160 1264 331 1347 imperium
353 1262 429 1326 iniit
452 1283 571 1325 annum
596 1280 696 1346 agens
720 1264 869 1326 octavum
889 1263 1055 1327 decimum.
1091 1260 1168 1327 Om-
1187 1264 1235 1316 98·

160 1373 217 1415 nes
237 1353 345 1414 autem
365 1348 572 1414 difficultates
596 1351 666 1413 eiua
689 1369 791 1432 usque
815 1349 855 1412 ad
878 1371 981 1414 annos
1000 1349 1118 1434 viginti
1137 1355 1169 1414 et

161 1439 300 1524 quinque
322 1437 424 1519 fuere;
448 1437 571 1520 reliqua
593 1438 628 1500 in
647 1457 726 1519 pace
749 1438 919 1523 transegit.
956 1435 1077 1503 Gentes
1095 1438 1169 1501 bar-

160 1528 255 1590 baras
286 1526 406 1592 dicioni
436 1547 513 1595 suae
543 1525 683 1590 subiecit
710 1547 843 1590 numero
868 1525 986 1610 viginti
1016 1528 1048 1589 et
1077 1525 1168 1608 duas,

122 1631 147 1672 ιι
161 1615 301 1679 Graecas
323 1635 401 1679 vero
430 1613 578 1679 sedecim.
622 1612 737 1677 Victor
759 1614 895 1695 totiena,
922 1613 1073 1697 quotiens
1099 1613 1170 1690 bel-

160 1704 258 1787 lator,
285 1702 376 1767 nullo
404 1702 528 1786 proelio
556 1701 788 1767 invulneratus.
832 1698 894 1764 Sed
922 1701 1071 1766 civitates
1095 1721 1170 1766 con-

161 1791 242 1855 didit
261 1790 440 1873 duodecim,
459 1809 571 1854 omnes
589 1789 719 1852 nomine
738 1809 796 1853 suo
817 1789 941 1854 scilicet
958 1793 1170 1875 nuncupatas,

162 1900 243 1962 quae
268 1882 345 1942 sunt
366 1877 444 1942 hae:
472 1875 684 1959 Alexandria,
706 1897 789 1960 quae
818 1877 948 1941 condita
971 1879 1021 1942 est
1042 1878 1171 1941 nomine

161 1965 367 2049 Bucephalae
378 1965 461 2048 equi,
471 1963 668 2028 Alexandria
682 1967 864 2048 montuosa,
874 1965 1071 2030 Alexandria
1086 1965 1171 2048 apud

122 2073 149 2112 ao
161 2053 293 2137 Porum,
315 2051 513 2116 Alexandria
534 2051 570 2115 in
593 2049 740 2136 Scythia,
764 2052 962 2117 Alexandria
985 2053 1171 2137 Babylonia,

163 2139 362 2207 Alexandria
385 2141 470 2224 apud
492 2139 709 2223 Massagetas,
737 2140 934 2205 Alexandria
957 2141 1041 2224 apud
1066 2142 1172 2225 Aegy-

162 2234 265 2314 ptum,
288 2229 485 2295 Alexandria
503 2227 588 2311 apud
608 2227 751 2312 Origala,
769 2227 968 2294 Alexandria
988 2230 1072 2312 apud
1094 2228 1171 2292 Gra-

162 2320 282 2400 nicum,
303 2318 502 2382 Alexandria
521 2317 607 2399 apud
626 2315 792 2400 Tigridem
810 2316 952 2399 fluvium,
972 2316 1173 2381 Alexandria

163 2407 248 2491 apud
272 2406 447 2488 Troadam,
474 2404 672 2469 Alexandria
699 2405 785 2489 apud
808 2367 977 2487 Sanctum,
1005 2406 1057 2469 cui
1080 2406 1172 2489 quin-

123 2513 149 2554 ιι
163 2518 224 2582 que
254 2517 433 2580 primorum
440 2545 449 2578 ,
478 2499 516 2558 ut
545 2493 666 2559 dictum
696 2497 762 2576 est,
791 2493 1024 2557 elementorum
1053 2494 1173 2558 idcirco

164 2589 239 2648 aunt
225 2583 313 2647 da
299 2587 334 2647 a
356 2583 499 2663 nomina,
523 2582 587 2645 ut
577 2604 612 2645 111
629 2581 720 2645 hisce
738 2543 969 2646 elementorum
987 2581 1173 2646 nominihus

163 2673 283 2754 legeret
283 2694 335 2736 ur:
357 2671 541 2736 Alexander
562 2669 746 2753 Imperator
769 2669 877 2733 Genua
900 2668 987 2734 Iovis
1011 2667 1174 2734 Condidit.

163 2758 281 2824 Obitus
303 2763 414 2824 tamen
442 2761 511 2824 eius
535 2758 618 2824 diem
647 2759 745 2821 etiam
768 2778 853 2822 nunc
876 2757 1095 2822 Alexandriae
1123 2779 1174 2821 sa-

163 2846 381 2912 cratissimum
405 2846 535 2912 habent.

254 3043 414 3092 Saummae
433 3037 467 3091 A.
541 3039 693 3120 acccepta
711 3051 760 3090 om.
781 3035 812 3088 P.

205 3108 300 3163 ’.60
322 3112 354 3162 15
374 3107 498 3161 sedecim
512 3107 547 3162 A.
556 3107 590 3161 P.
614 3109 643 3160 ad
668 3107 764 3162 Graec
796 3106 885 3161 Verba
904 3105 1176 3161 Victor-invulne-

163 3179 251 3234 ratus'
272 3196 322 3233 om
338 3180 373 3233 A.
402 3177 531 3246 quotiens
549 3179 656 3246 scripsi
685 3179 754 3245 quot
767 3177 799 3230 P.
843 3183 875 3231 16
895 3176 1028 3232 Condidit
1046 3175 1176 3231 civitates

163 3250 223 3304 eius
241 3248 340 3303 XlIP.
427 3255 459 3302 18
477 3247 547 3302 heae
566 3250 602 3302 A.
610 3249 643 3300 P.
725 3247 787 3301 20
779 3265 808 3301 ιιι
827 3245 942 3316 Scythia
961 3248 997 3301 A
1024 3246 1124 3301 insicia
1142 3246 1175 3300 P.

164 3326 199 3373 24
218 3319 311 3372 cuiA.
321 3321 354 3374 P.
383 3318 484 3387 quibus
504 3317 575 3373 Mai.
672 3319 733 3373 26·
725 3337 755 3371 m
773 3317 818 3371 his
837 3318 870 3371 P.
968 3323 1002 3372 ιι
1023 3318 1099 3387 Quae
1115 3323 1178 3386 post

166 3389 327 3456 ‘legeretur’
348 3391 443 3443 auat
432 3406 463 3443 ιι
480 3389 528 3456 A.
546 3406 596 3444 om.
615 3388 648 3442 P.

254 3459 294 3510 Ia
311 3458 347 3510 A.
366 3460 483 3513 subsca:
506 3457 629 3528 Explicit
650 3458 718 3512 Obit
735 3425 896 3513 Alexandri.
933 3457 1037 3526 Incipit
1059 3457 1176 3511 Itinera-

165 3522 237 3576 rium
256 3526 395 3581 Eiusdem.
