2650 3920
450 239 581 296 OBITUS
600 240 825 297 ALEXANDRI.
1078 243 1141 308 139

129 402 330 486 spectatione
343 400 539 486 pendebant,
552 402 667 486 ecquid
681 404 758 469 novi
772 404 899 469 consilii
913 404 983 491 regi
994 405 1141 474 sedisset.

127 491 277 575 Namque
305 491 343 554 ut
366 509 513 572 egressus
542 496 593 557 ost
620 491 735 556 habitu
758 491 962 576 famulantis,
989 496 1140 578 protinus
1160 504 1203 556 51.

127 579 349 645 Ptolomaeus:
373 575 508 664 ‘Uersa'
532 579 651 665 inquit,
675 578 862 666 ‘Antigona
885 581 970 647 hunc
994 581 1140 649 Candau-

127 669 208 732 lem:
230 669 259 732 is
280 665 445 734 Uardanes
464 668 595 751 reginae
615 671 665 733 est
682 669 778 755 filius,
802 669 858 735 aad
882 669 968 734 enim
987 672 1139 737 iniuriam

127 756 225 821 deflet
248 755 395 841 coniugis
419 757 532 840 raptae
554 779 613 841 per
634 758 843 824 insolentiam
865 758 953 844 regis
972 759 1165 842 Bebryciss

126 844 240 909 Facies
263 844 363 928 igitur
386 844 612 930 obsequenter,
642 846 670 912 si
697 868 757 912 nos
785 846 922 912 consilio
950 847 1042 913 iures
1065 848 1140 912 sub·

126 933 283 1018 iciasque,
306 930 421 1017 ecquid
442 953 529 997 nuno
551 934 637 1000 facto
663 957 745 1021 opus
768 957 839 1001 esse
863 934 1041 1003 arbitrere?
1087 935 1139 1000 Ad

125 1022 207 1086 haee
229 1020 427 1086 Alexander:
456 1017 617 1105 ‘Dignum
640 1027 672 1088 te
697 1045 774 1088 sane
797 1025 873 1104 erit,
899 1023 981 1104 rex,'
1005 1025 1065 1103 ait,
1095 1023 1139 1089 ‘si

126 1112 252 1175 armato
281 1109 424 1174 exercitu
451 1109 602 1175 iniuriam
634 1113 788 1197 supplicis
818 1113 975 1179 ulciscare
1003 1112 1139 1178 eximas·

125 1220 187 1283 que
210 1198 280 1262 eius
304 1197 462 1276 adfectus,
490 1199 580 1263 cuius
608 1201 712 1265 honor
739 1203 838 1266 matri
861 1201 1031 1286 proficiat?
1076 1200 1137 1265 His
1153 1221 1178 1260 ro

125 1286 299 1372 compertis
319 1283 477 1350 Oandauli
495 1287 657 1371 gaudium.
690 1287 754 1353 Sed
771 1289 979 1356 Ptolomaeus
999 1289 1138 1356 adhaec

124 1374 305 1460 respondit:
335 1371 467 1458 ‘Ergo‚'
490 1375 611 1459 inquit,
635 1375 821 1463 ‘Antigona
844 1400 1018 1464 exsequere
1040 1378 1137 1462 istud,

125 1463 211 1548 quod
247 1462 427 1544 subiecisti,
468 1462 641 1527 consilium
679 1468 775 1548 atque
813 1467 989 1532 exercitum
1029 1465 1136 1551 para.'

125 1552 274 1617 ‘Faciam
307 1548 417 1633 saue,’
454 1551 623 1634 respondit
654 1552 851 1635 Alexander3
885 1552 960 1619 ‘sed
993 1558 1080 1621 enim
1116 1559 1178 1615 XX.

124 1640 328 1705 commodum
358 1643 408 1703 est
433 1638 531 1724 milri,
563 1662 634 1722 rex,
667 1640 708 1705 sd
736 1641 921 1726 consilium,
951 1643 1037 1727 quod
1063 1643 1177 1707 sub-15

123 1731 238 1810 iecero,
264 1728 385 1792 bellum
409 1727 497 1792 istud
520 1728 635 1792 inferri
656 1728 839 1813 Bebrycum
862 1730 932 1815 regi
955 1752 1011 1795 seu
1034 1751 1135 1817 regno

6 1887 7 1890 Ἴ
123 1839 191 1882 non
215 1817 266 1881 die
289 1820 386 1899 teste3
414 1837 517 1901 neque
542 1818 628 1881 enim
652 1819 780 1882 animus
803 1818 935 1884 barbari
958 1820 1136 1902 improvisa

123 1904 294 1970 formidine
327 1905 481 1970 incitatus
514 1906 554 1970 ab
587 1906 812 1972 interfectione
844 1910 957 1992 raptae
990 1909 1135 1973 mulieris

122 1994 329 2077 temperabit.
375 1992 448 2057 Erit
475 2016 551 2060 vero
579 1994 703 2060 frustra
731 2018 826 2081 opem
855 1997 992 2082 supplici
1019 2019 1135 2081 procu-

122 2105 208 2166 rare,
239 2083 266 2147 si
295 2083 549 2147 emolumentum
577 2083 733 2148 victoriae
764 2084 935 2152 dilabatur.
984 2086 1074 2170 Ergo
1106 2087 1134 2151 si
1147 2103 1173 2144 2⁰

122 2173 239 2257 placet,
261 2193 326 2236 nox
345 2171 423 2235 belli
442 2174 571 2254 tempus
595 2176 627 2236 et
646 2177 859 2255 superventus
878 2174 1036 2238 eiusmodi
1059 2196 1134 2239 con-

122 2260 279 2326 firmetur.
324 2257 391 2324 Ubi
414 2259 500 2323 enim
523 2259 663 2324 flammis
687 2261 842 2326 immissis
865 2264 972 2326 noctis
996 2262 1133 2327 obscuro

121 2348 247 2412 turbari
271 2347 386 2413 civitas
405 2349 557 2431 coeperit,
580 2348 788 2430 adquiescent
811 2350 1054 2415 condicionibus
1077 2372 1133 2415 no-

123 2436 199 2500 stris
229 2434 385 2500 facillime
416 2435 482 2498 iam
513 2437 681 2520 praeventi
717 2441 875 2523 raptaque
913 2438 1009 2503 nobis
1046 2438 1133 2503 haud

122 2524 253 2589 difficile
274 2522 583 2607 repraesentabunt?
1147 2543 1173 2584 ss

212 2610 271 2677 32.
303 2611 392 2676 Haec
421 2632 492 2676 cum
520 2611 656 2676 dixisset
679 2618 713 2679 et
734 2612 921 2698 Antigonus
950 2615 1133 2680 crederetur
1151 2621 1195 2674 52-

122 2725 142 2766 a
165 2701 320 2785 supplice,
343 2700 514 2784 procidens
534 2701 662 2766 eiusad
685 2722 792 2784 genua
811 2701 991 2769 Candaules
1015 2703 1132 2782 ‘Quam

121 2788 264 2874 vellem,'
295 2789 353 2872 ait,
384 2787 435 2854 ‘tu
465 2789 522 2853 ille
549 2787 734 2855 Alexander
760 2792 847 2856 fores
877 2814 949 2857 eum
977 2793 1039 2858 hac
1066 2797 1132 2874 tua,

122 2879 296 2964 Antigone,
320 2877 494 2962 sapientiai
522 2899 588 2943 non
612 2879 698 2944 enim
722 2880 875 2964 armigeri
898 2902 1013 2966 parum
1036 2883 1131 2947 nobis

120 3176 217 3230 sistem
230 3175 265 3231 A.
285 3175 452 3230 existentem
467 3176 499 3230 P.
543 3183 556 3231 1
576 3177 646 3247 regii
661 3178 697 3233 A.
734 3183 751 3232 5
769 3177 892 3233 bebricia
905 3179 941 3233 A.
960 3178 1080 3235 hebrieis
1096 3179 1130 3234 P.

121 3253 136 3301 7
156 3263 225 3316 opus
245 3249 288 3302 est
305 3247 339 3301 P.
382 3252 415 3301 10
434 3245 551 3302 affectus
570 3249 603 3304 P.
630 3249 829 3304 adinterfectus
848 3250 885 3303 A.
927 3256 959 3304 12
980 3265 1131 3319 exsequere

122 3318 195 3373 Mai.
219 3316 332 3385 exquire
350 3317 386 3372 A.
410 3318 511 3386 exequi
531 3318 565 3373 P.
613 3324 646 3373 15
666 3321 710 3374 est
727 3337 777 3376 om.
796 3320 830 3375 P.
880 3325 912 3374 16
932 3320 1076 3375 bebrienm
1094 3320 1130 3375 A.

120 3387 234 3443 hebriao
256 3387 289 3443 P.
377 3391 410 3442 18
428 3387 623 3444 interlectione
647 3389 843 3460 Landprafius.
876 3389 1029 3446 infectione
1053 3390 1131 3445 AP.

120 3463 152 3511 21
172 3472 227 3512 nox
244 3458 280 3512 A.
309 3475 375 3513 mox
394 3459 428 3513 P.
501 3463 535 3513 23
554 3457 718 3527 adquiescet
737 3461 771 3515 P.

172 3599 185 3652 t
209 3527 259 3653 ΒΞ.
292 3535 326 3584 26
347 3530 507 3585 crederetur
525 3531 557 3584 P.
584 3529 807 3586 consideraretur
825 3531 859 3586 A.
933 3535 968 3584 28
988 3530 1029 3584 ait
1046 3531 1079 3582 tu
1096 3529 1131 3583 P.

119 3614 155 3652 an
186 3617 205 3652 u
251 3639 258 3655 .
