2622 3932
259 188 440 246 EPISTOLA
457 188 673 244 ALEXANDRI
692 189 742 244 AD
762 186 1030 244 enlsrorncnn.
1084 187 1148 252 195

134 354 233 437 vitas,
257 353 333 438 quia
356 374 467 418 omnes
491 373 552 436 ego
576 352 681 416 aureis
704 351 834 416 laminis
858 351 1061 416 incluseram.
1097 349 1149 413 Ita

135 449 243 508 totum
265 463 384 526 agmen
411 440 446 506 in
473 462 511 506 eo
535 440 637 506 veluti
661 440 764 506 sidere
793 442 850 505 aut
871 439 999 526 fulgore
1025 440 1148 504 clarum
1176 435 1186 450 ⁰

133 530 339 596 radiantibus
366 551 444 594 auro
474 528 660 614 insignibus
691 529 911 613 sequebantur
940 550 1013 594 eum
1045 528 1148 611 signis

134 625 168 685 et
195 618 329 684 vexillis.
375 617 519 702 Eratque
546 619 633 683 inter
659 617 835 683 varietates
864 617 1083 702 spectaculum
1112 616 1147 680 in

135 707 362 792 conspiciendo
381 706 440 771 tali
460 707 612 792 exercitu,
635 707 710 791 quia
729 711 847 772 ornatu
865 706 989 790 pariter
1013 726 1050 770 ao
1073 703 1174 768 viri-c

134 798 195 864 bus
223 798 309 862 inter
331 799 455 861 veteres
479 799 592 881 gentes
616 795 787 860 eminebat.
833 794 907 880 Ego
933 797 1020 858 certe
1047 792 1147 875 respi-

134 887 222 952 ciens
241 884 431 949 felicitatem
453 905 559 948 meam
584 883 707 967 insigni
730 883 907 949 iuventutis
929 903 1065 947 numero
1088 882 1148 945 im·

80 989 82 993 ’
134 996 247 1040 menso
275 973 440 1038 afficiebar
468 972 596 1057 gaudio.
648 969 710 1036 Sed
739 975 777 1037 ut
806 971 931 1056 aliquid
959 972 1148 1054 plerumque

134 1065 169 1128 in
192 1062 340 1127 secundis
364 1062 461 1127 rebus
484 1061 616 1126 fortuna
639 1060 811 1144 obstrepit,
834 1061 951 1126 eccidit
972 1059 1068 1126 nobis
1093 1057 1148 1122 siti

134 1153 292 1217 laborare.
343 1149 449 1226 Quem
481 1172 554 1216 cum
586 1150 652 1214 iam
683 1149 737 1215 vix
770 1150 1021 1232 sustineremus,
1052 1148 1146 1211 miles
1162 1169 1188 1208 ιο

134 1239 302 1324 Zephyrus
334 1239 501 1304 inventam
534 1239 616 1304 mihi
651 1238 686 1304 in
717 1238 824 1322 lapide
856 1259 996 1304 concavo
1030 1257 1148 1321 aquam

134 1331 228 1414 galee
269 1328 417 1412 pertulit3
462 1327 532 1412 ipse
573 1327 701 1406 sitiens,
740 1326 845 1412 magis
889 1327 1015 1392 animae
1058 1345 1148 1388 meae

136 1440 233 1502 quam
264 1418 351 1481 vitae
381 1439 460 1480 suae
489 1416 685 1482 consulebat.
739 1414 844 1491 Quam
877 1437 938 1517 egp
971 1417 1148 1481 convocato

135 1507 276 1572 exercitu
298 1507 408 1589 palam
433 1505 543 1588 effudi,
569 1527 611 1569 ne
638 1526 690 1570 me
714 1504 848 1570 bibente
872 1505 961 1569 sitire
984 1501 1149 1568 milesin-

135 1597 271 1680 ciperet,
299 1593 473 1659 conlaudat
458 1596 556 1677 teque
584 1614 662 1678 erga
690 1615 741 1657 me
765 1591 906 1678 Zephyri
928 1590 1189 1658 benivolentiam

136 1684 243 1785 dignis
267 1705 341 1748 eum
360 1682 546 1748 muneribus
566 1681 688 1748 ornavi.
725 1680 814 1783 Qpee
837 1703 890 1746 res
913 1703 987 1747 cum
1010 1679 1150 1746 animae·

135 1772 282 1857 quierem
301 1771 433 1836 fecisset
451 1769 638 1856 exercitum,
660 1770 763 1836 tum
754 1792 820 1836 lam
843 1774 995 1855 coeptum
1017 1769 1112 1834 iter
1103 1790 1149 1832 1n·

136 1861 193 1926 etit
194 1861 229 1925 ui
251 1880 414 1944 peragere.

179 1970 181 1974 ·
225 1948 294 2014 Nec
312 1948 393 2012 mihi
411 1949 509 2033 longe
532 1951 608 2031 post
630 1947 666 2011 in
690 1945 824 2013 desertis
848 1949 930 2013 loeis
951 1948 1071 2014 flumen
1094 1968 1148 2030 ep·

136 2038 254 2122 paruit,
271 2039 362 2102 euius
377 2037 481 2120 ripam
496 2036 615 2120 pedum
630 2057 826 2121 sexagenum
843 2037 966 2102 arundo
981 2036 1149 2120 vestiebat,
1163 2055 1190 2095 eo

135 2128 285 2212 pinorum
314 2126 521 2210 abietumque
549 2124 668 2192 robora
696 2127 826 2192 vincens
854 2127 890 2191 in
918 2125 1148 2208 crassitudine3

136 2238 200 2299 qua
226 2214 300 2280 Indi
329 2215 466 2279 materie
495 2213 537 2278 ed
563 2213 761 2280 conficienda
789 2214 937 2279 aedificia
963 2214 1148 2279 utebantur.

136 2303 218 2368 Tum
243 2323 303 2388 ego
327 2303 480 2388 quoniam
500 2302 721 2387 quadrupedia
745 2300 781 2367 et
802 2303 960 2367 exercitus
985 2302 1148 2385 sitiebant,

136 2391 216 2456 iussi
243 2393 396 2457 continuo
424 2394 532 2456 eastra
560 2391 710 2475 componi
738 2413 758 2456 a
785 2390 1008 2455 metatoribus.
1059 2389 1149 2466 Quae

136 2481 214 2544 dum
243 2485 409 2564 ponuntur
435 2480 506 2564 ipse
534 2480 624 2544 sitim
652 2480 761 2544 levare
791 2479 925 2564 cupiens
956 2478 1148 2544 amariorem
1163 2498 1190 2539 25

136 2569 278 2635 elleboro
306 2569 447 2634 fluminis
477 2590 594 2653 aquam
619 2569 762 2652 gustavi,
791 2579 890 2652 quam
917 2589 1021 2651 neque
1048 2565 1147 2632 homo

135 2658 247 2723 bibere
261 2680 320 2724 nec
333 2659 438 2723 ullum
451 2678 605 2741 pecorum
619 2657 748 2722 haurire
765 2657 834 2721 sine
848 2660 1012 2722 tormento
1028 2659 1149 2741 posset.

226 2925 241 2973 1
262 2920 370 3002 omnes]
391 2919 484 2975 omnia
502 2921 541 2977 H.
576 2935 591 2974 e
592 2919 642 3001 go]
661 2935 739 2974 arma
757 2935 808 2974 sua
828 2919 862 2972 P.
893 2934 947 3000 ege
965 2917 1092 2987 olyppeie
1117 2917 1148 2971 V.

134 2992 317 3062 inclusorem]
336 2991 509 3046 incluserant
526 2993 563 3048 B.
571 2993 605 3046 P.
630 2989 844 3046 mduxeramO.
896 2990 961 3044 2in
979 2990 1025 3060 eo]
1044 3004 1089 3042 me
1108 2988 1148 3041 H.

136 3063 341 3132 3sequebatur
360 3063 394 3117 L.
401 3061 439 3117 H.
499 3065 515 3115 5
535 3062 621 3118 telem
640 3062 745 3118 exercit
746 3079 793 3116 um
813 3061 852 3114 H.
910 3065 943 3114 12
963 3061 1046 3129 galea
1063 3074 1149 3114 aurea

135 3133 256 3204 protulit
274 3132 313 3186 H.
387 3137 420 3187 13
439 3134 539 3188 vocato
558 3135 597 3189 H.
666 3138 700 3186 14
718 3131 809 3202 magis
828 3131 905 3186 sitire
924 3131 962 3184 H.
1032 3132 1066 3183 15
1084 3144 1148 3182 con·

136 3205 309 3272 laudansque
339 3204 435 3258 Zeveri
463 3221 531 3274 erga
557 3219 602 3258 me
629 3203 851 3259 benivolentiam
879 3200 918 3255 H.
1002 3206 1035 3255 16
1063 3200 1149 3254 hono-

134 3275 245 3330 reviH.
300 3280 334 3329 17
353 3277 420 3329 tune
434 3277 580 3344 acceptum
595 3295 624 3328 co.
652 3273 735 3327 tum
727 3289 784 3327 ram
799 3289 848 3327 om.
864 3272 903 3328 H.
965 3277 996 3326 18
1015 3285 1148 3354 peragere

137 3344 209 3402 0..P
231 3362 282 3401 om.
305 3351 353 3401 eet.
427 3347 543 3413 repon
565 3362 615 3400 om.
640 3345 714 3400 co..H
772 3348 822 3397 20
840 3359 931 3424 ripam
951 3362 979 3396 o.
1007 3342 1084 3411 ripae
1101 3346 1148 3422 cel,

135 3416 216 3471 21111
229 3433 279 3472 om.
288 3417 326 3470 H.
346 3414 579 3486 grossitudineH.
587 3416 618 3471 V.
656 3421 689 3470 22
705 3415 741 3468 ad
756 3411 996 3469 constituendaH.
1034 3417 1069 3468 24
1083 3412 1149 3482 poni

136 3487 171 3545 L.
165 3489 229 3614 ᾖ
247 3491 307 3614 Hit
326 3489 531 3558 componuntur
551 3487 619 3544 O..P
650 3487 776 3542 relevare
796 3484 825 3542 0.
831 3485 864 3542 Ρ.
922 3488 955 3540 27
975 3500 1061 3556 pecus
1081 3483 1109 3539 U.
1116 3483 1148 3538 P.

135 3577 172 3628 po
187 3577 215 3613 ur

935 3644 989 3700 13*
