2648 3924
484 231 602 288 Aeros
619 231 843 306 ALEXANDRI.
1116 233 1158 297 87

147 394 297 478 dicimus,
325 393 403 460 solis
432 415 503 460 esse
531 394 616 458 milit
601 395 750 479 tandum,
779 396 835 480 qui
857 417 987 462 cursum
1009 396 1160 461 noverint
1255 436 1265 456 f·

148 483 188 548 ad
212 482 447 568 insequendum
474 483 551 548 host
537 487 602 548 tem
630 485 740 569 potius
765 506 863 567 quam
891 484 931 549 ad
954 485 1088 568 periculi
1110 484 1159 549 fu·

148 591 233 657 garn.
284 569 388 646 Quam
420 593 494 636 eum
525 575 682 657 perpetuo
714 572 955 657 ignoraveritis,
988 573 1065 640 deos
1097 594 1158 659 ego

148 661 241 726 vobis
264 659 465 724 immortales
483 659 621 743 polliciti
644 682 681 725 ac
700 661 770 744 spei
789 683 879 726 meae
897 660 996 726 vades
1015 662 1159 746 dixerim,

147 748 231 814 nihil
250 749 382 814 omnino
400 769 498 832 posse
517 749 638 814 oboriri
661 748 892 903 impedimenti,
915 749 995 833 quin
1014 751 1041 815 si
1060 713 1186 816 εοΙιιιιι

148 837 241 903 vohis
255 837 396 901 utamini
410 836 611 921 fortitudine,
625 837 714 902 debit
700 841 767 902 tam
776 838 826 903 ric
828 837 946 904 toriam
961 839 1158 923 capessatis?

148 925 201 990 Ad
224 926 303 990 haec
321 924 499 989 Alexandri
520 924 619 990 verba
642 929 675 991 et
696 925 790 992 favor
812 926 953 991 militum
977 931 1009 991 et
1032 927 1159 992 animus

149 1015 306 1079 excitatus
338 1014 423 1079 nihil
454 1014 586 1079 omnino
618 1019 747 1098 praeter
778 1015 933 1081 victoriae
966 1015 1160 1081 desiderium

148 1102 410 1187 celeritatemque
433 1107 633 1186 conceperat
741 1147 743 1152 -

238 1188 300 1255 Sed
324 1192 409 1256 enim
432 1212 506 1256 oum
528 1191 635 1257 omnis
653 1190 746 1256 Darii
768 1191 928 1257 exercitus
950 1195 1086 1277 propter
1104 1191 1158 1257 Ti·
1172 1214 1199 1254 ιι

149 1279 251 1364 gridis
267 1280 393 1344 alveum
404 1280 531 1345 locatus
547 1280 720 1346 adventum
731 1279 944 1345 Macedonum
959 1284 1160 1365 exspectaret

148 1390 208 1432 nee
222 1368 466 1434 cunctabundus
476 1366 661 1433 Alexander
674 1369 741 1432 acie
756 1370 917 1434 instructa
932 1391 1001 1434 sese
1011 1369 1160 1436 hostibus

149 1456 331 1540 obtulisset,
355 1459 470 1540 coepto
490 1456 642 1522 conflictu
660 1457 861 1540 ferventique
883 1478 918 1522 re
941 1458 1058 1523 bellica
1076 1480 1159 1523 unus

149 1567 188 1609 ex
206 1545 314 1610 Persis
337 1546 437 1610 armis
457 1543 670 1612 Macedonicis
693 1544 834 1628 indutus,
857 1547 979 1611 evitata
1002 1545 1063 1612 hoc
1087 1551 1160 1611 astu

149 1633 368 1718 dinoscentia,
399 1636 437 1698 ut
465 1655 547 1718 prop
549 1637 599 1698 ter
549 1633 873 1700 tsimilitudinem
904 1634 1027 1700 scilicet
1013 1635 1159 1700 tmuni·
1175 1656 1200 1697 ιιι

150 1723 267 1806 menti,
295 1745 314 1786 a
340 1725 435 1808 tergo
458 1722 678 1788 Alexandrum
706 1743 782 1788 ense
808 1722 929 1788 infesto
954 1722 1099 1789 adoritur
1123 1745 1160 1788 ao

150 1810 236 1876 ferit.
281 1807 344 1875 Sed
371 1811 456 1875 ictus
483 1815 581 1895 propt
583 1832 618 1875 er
643 1812 849 1896 galeaet
783 1810 876 1876 fortit
862 1811 1008 1876 tudinem
1029 1811 1160 1877 habitus

149 1890 236 1963 frust
221 1901 274 1963 tra
310 1897 520 1980 dissiluite
522 1899 612 1964 tad
645 1899 981 2002 comprehendendum
1014 1901 1160 1985 protinus

149 1987 255 2052 virum
283 1987 441 2052 satellites
468 1993 644 2071 properant
671 1989 804 2072 regique
833 2011 907 2053 eum
935 1988 1084 2055 offerunt.
1130 1987 1160 2053 A

149 2097 213 2161 quo
233 2096 304 2140 oum
323 2074 507 2141 Alexander
524 2077 715 2160 requisisset
733 2098 847 2142 causas
867 2078 938 2142 ausi
956 2078 1062 2161 huius,
1080 2077 1161 2142 Ῥιι-
1175 2099 1202 2140 ιι

149 2163 260 2248 mum,'
282 2164 397 2249 inquit,
421 2163 623 2249 tAlexander,
645 2187 749 2249 neque
772 2167 804 2229 te
827 2165 911 2230 clam
935 2166 987 2246 sit,
1010 2187 1076 2230 non
1100 2185 1161 2250 ego

148 2275 189 2318 ex
220 2273 355 2319 numero
384 2256 442 2318 tuo
473 2275 561 2337 sum,
591 2253 678 2318 enim
707 2253 904 2318 vestratibus
935 2253 1033 2318 armis
1062 2253 1162 2318 Persa

149 2342 296 2407 vestitus.
342 2340 463 2406 Verum
488 2363 562 2406 cum
585 2346 730 2425 satrapes
759 2342 833 2425 sim,
862 2341 1055 2426 dignitatem
1078 2343 1162 2407 eius-

150 2429 239 2496 modi
262 2430 387 2516 glorise
412 2430 497 2514 apud
519 2429 655 2496 Darium
677 2429 857 2515 praemium
880 2434 995 2514 pactus
1020 2451 1101 2513 sum,
1125 2434 1162 2495 ut

150 2521 179 2583 si
209 2519 380 2584 interfecto
410 2523 443 2583 te
470 2522 581 2584 tantae
606 2519 654 2584 rei
679 2517 905 2602 compendium
929 2539 1163 2600 procurassem,
1177 2539 1203 2580 ιι

150 2628 224 2672 cum
253 2607 347 2691 regni
376 2611 468 2691 parte
498 2607 598 2672 filiam
630 2627 757 2691 quoque
786 2607 872 2691 regis
906 2606 947 2670 ad
976 2606 1164 2761 coniugium

149 2717 360 2780 promererer.
405 2694 493 2771 Quae
515 2695 661 2779 profecto
627 2694 772 2759 thaad
795 2695 891 2759 dubie
913 2696 1038 2779 fierent,
1015 2695 1151 2761 tnite

150 2805 223 2849 cum
247 2784 377 2850 fortuna
400 2784 512 2868 potius
540 2805 636 2868 quam
664 2787 844 2850 meeumst
846 2783 967 2849 sisset
943 2783 1085 2849 t''His
1110 2807 1164 2850 au·

152 2872 211 2936 dit
186 2875 230 2937 ιιι
265 2872 450 2936 Alexander
485 2873 597 2937 multis
630 2894 761 2938 suorum
766 2874 1054 3026 tpraesentibus
1045 2877 1164 2938 iterare

150 2982 225 3026 eum
253 2960 346 3025 iubet
367 2982 549 3026 sermonem
570 2961 725 3044 promissi
748 2964 781 3028 et
804 2962 970 3046 audaciae,
997 2961 1108 3026 laudat
1094 2965 1164 3026 tum
1177 2983 1204 3023 ao

150 3049 287 3134 denique
309 3048 386 3113 fidei
413 3071 449 3114 ao
472 3047 674 3116 fortitudinis
703 3051 744 3115 ad
773 3073 848 3117 suos
878 3052 924 3115 ire
946 3051 1051 3131 iubet,
1079 3050 1163 3132 quod

150 3159 225 3202 eum
244 3137 391 3222 exemplo
406 3138 530 3228 strenui
539 3189 547 3206 .
557 3188 565 3205 .
575 3188 582 3205 .
592 3140 747 3222 utilisque
760 3139 926 3223 praecepti
940 3137 1028 3222 apud
1042 3138 1163 3202 milites

242 3383 364 3440 vades
375 3384 433 3439 Mr
451 3383 575 3439 vatesP.
613 3389 628 3438 '1
648 3382 729 3437 favor
740 3382 798 3436 Mr
817 3381 944 3436 faborP.
983 3387 1015 3437 18
1035 3381 1072 3436 ad
1091 3398 1164 3436 com-

151 3454 468 3536 prehendendumEpit
493 3451 787 3524 comprehendendiP.
826 3458 858 3507 19
877 3452 993 3522 regique
1012 3468 1076 3507 eum
1085 3452 1163 3522 Epir.

151 3525 214 3594 regi
233 3525 267 3578 P
306 3531 340 3580 25
359 3541 552 3595 procurassem
570 3525 628 3580 Mr.
651 3525 828 3594 procurasset
845 3524 878 3580 P.
915 3531 949 3579 27
968 3523 1066 3579 fierent
1054 3525 1163 3595 tEpit.

151 3594 246 3650 forent
265 3597 299 3651 P
365 3601 398 3650 32
419 3613 482 3652 eum
500 3597 550 3652 del.
572 3597 630 3652 Mr.
