2622 3932
401 240 517 297 PRIMA
535 240 739 297 RESPONSIO
758 241 914 297 DiNDlMI.
1100 239 1163 306 181

153 405 305 487 exegerit,
329 425 497 469 commune
521 403 584 470 sibi
602 404 751 488 pulvinar
772 404 890 487 offerri,
914 404 970 468 sed
993 403 1162 487 unusquis-

151 514 214 577 que
238 493 316 557 deus
335 491 485 577 proprios
504 492 653 557 flamines
672 496 706 556 et
723 495 811 557 sorte
836 492 898 558 sibi
917 493 1028 558 datum
1047 513 1163 557 munus

152 581 348 665 assequitur,
376 581 405 645 si
428 585 539 645 tamen
562 579 608 645 dii
631 581 817 664 appellandi
840 583 930 659 sunt,
958 581 1077 664 quibus
1106 601 1163 663 po-

150 673 253 734 testas
276 670 340 734 nisi
364 670 398 733 in
418 669 514 734 certis
539 669 670 734 sibimet
689 669 859 734 offerendis
879 668 1074 734 animalibus
1098 689 1165 734 non

151 761 202 824 est
225 758 310 822 data.
357 757 466 842 Digna
488 759 566 822 vota
588 759 640 822 vel
662 759 771 841 potius
800 758 898 843 digna
925 760 1088 822 tormenta
1111 778 1191 822 ves

152 846 229 910 stris
253 845 415 911 erroribus
440 846 611 911 exhibetis.
656 845 706 910 Re
729 846 814 912 enim
837 868 915 912 vera
937 867 1003 910 non
1026 846 1165 929 opitula-

151 939 238 999 tores
272 934 364 1018 deos,
397 934 454 999 sed
484 934 651 999 carnifices
683 935 870 1000 teterrimos
900 934 1076 1016 invocatis,
1108 934 1165 1018 qui

150 1022 274 1088 viscera
293 1026 402 1087 vestra
421 1023 655 1106 suppliciorum
671 1023 857 1088 diversitate
875 1022 1069 1105 discerpant.
1099 1020 1164 1086 Ne-

150 1132 240 1176 cesse
268 1115 319 1175 est
347 1110 432 1176 enim
461 1112 495 1175 in
522 1132 657 1195 corpore
680 1114 789 1177 vestro
816 1114 867 1177 tot
894 1133 1018 1196 poenas
1046 1110 1164 1175 consti-

149 1202 239 1264 tutas
263 1220 343 1281 esse,
366 1202 447 1283 quot
465 1199 510 1263 dii
533 1203 617 1283 sunt,
640 1200 716 1264 dum
735 1200 855 1284 singuli
878 1200 945 1265 suis
964 1221 1023 1265 vos
1042 1202 1164 1284 cogunt
1178 1221 1204 1262 ro

151 1288 307 1352 inservire
326 1288 486 1353 ludibriis.
523 1286 615 1353 Unus
638 1289 742 1352 trehit
764 1289 805 1353 ad
828 1288 960 1372 bellum,
982 1288 1067 1352 alter
1090 1308 1164 1352 eun·

151 1377 224 1441 dem
256 1376 345 1440 ducit
374 1376 414 1440 ad
445 1376 557 1440 luxum
564 1426 573 1459 ,
606 1377 662 1440 ille
691 1377 838 1442 lucrandi
870 1397 984 1442 causes
1014 1376 1165 1441 hortatur

150 1464 281 1548 inquiri,
302 1464 357 1529 hic
381 1464 578 1529 desiderium
597 1466 745 1549 suggerit
764 1466 926 1549 epulandi.
961 1463 1081 1529 Omnes
1105 1464 1165 1527 im-

150 1556 276 1637 perant,
300 1552 442 1637 exigunt,
466 1556 593 1637 urgent,
616 1553 758 1636 spatium
778 1553 964 1636 quiescendi
983 1552 1092 1617 nullus
1116 1552 1164 1615 in·

151 1642 273 1725 dulget,
291 1644 324 1705 et
342 1641 405 1706 hoc
419 1641 515 1705 modo
536 1641 684 1706 sensibus
699 1642 817 1707 vestris
836 1641 959 1706 latendi
978 1640 1164 1706 seductione
1178 1663 1204 1704 rs

152 1730 268 1813 sopitis
287 1729 440 1794 miserum
459 1751 575 1813 corpus
595 1730 788 1795 obstrictum
811 1731 845 1795 in
869 1729 976 1795 officia
994 1750 1165 1794 numerosa

152 1818 334 1882 marcescit.
381 1817 487 1901 Atque
513 1819 561 1882 ita
588 1818 639 1900 fit,
666 1823 703 1882 ut
726 1819 886 1883 malorum
909 1822 1092 1884 vestrorum
1116 1838 1164 1881 se-

152 1905 250 1988 mina,
274 1905 349 1969 dum
372 1928 430 1990 per
454 1907 633 1971 socordiam
656 1929 722 1972 non
745 1907 862 1972 valetis
886 1907 1026 1990 abicere,
1050 1905 1164 1971 colatis

153 1997 191 2058 ut
221 1995 364 2059 numina.
415 1993 460 2058 Et
493 2017 572 2059 sane
605 1995 705 2061 miror
736 2018 811 2081 vos,
844 2018 917 2060 cum
950 1995 1022 2060 sitis
1056 1993 1166 2079 cupidi

152 2104 250 2167 opum
275 2086 307 2146 et
331 2082 488 2147 avaritiae
513 2083 665 2168 studiosi,
693 2084 815 2149 frustra
843 2087 892 2148 tot
916 2084 978 2148 diis
1002 2104 1072 2147 esse
1095 2105 1163 2146 mu·
1179 2106 1205 2147 eo

149 2171 280 2254 nificoS,
308 2172 499 2254 praesertim
524 2173 635 2236 omnia
661 2172 858 2238 exsecranda
885 2171 1085 2253 iubentibus3
1109 2170 1165 2253 qui

153 2261 180 2323 si
207 2279 265 2324 vos
295 2259 513 2323 sacrificantes
541 2259 760 2342 exaudierint,
791 2259 1007 2324 conscientiae
1036 2260 1165 2321 vestrae

152 2346 270 2411 damna
302 2347 511 2432 contrahitis,
547 2348 578 2411 si
610 2370 676 2412 non
709 2347 925 2430 exaudierint,
961 2347 1164 2410 facultatum.

151 2433 241 2519 Ergo
266 2436 333 2499 sive
354 2436 441 2518 irati,
465 2435 532 2500 sive
551 2436 721 2519 propitiati
739 2436 870 2519 fuerint,
893 2455 1021 2517 semper
1040 2437 1165 2499 nocent

152 2520 224 2587 Hae
244 2528 319 2587 sunt
337 2524 413 2588 illae
428 2523 553 2607 Furiae,
573 2525 731 2588 scelerum
748 2524 900 2608 vindices,
919 2522 999 2586 haee
1017 2521 1076 2586 illa
1093 2543 1163 2586 cru·
1178 2546 1205 2586 es

152 2611 313 2676 ciamenta
327 2612 485 2677 Tartarea
504 2615 675 2697 poetarum
694 2619 877 2677 vestrorum
896 2611 1092 2676 carminibus
1112 2611 1164 2675 de·

151 2704 293 2784 cantata,
317 2723 399 2785 quae
422 2723 479 2766 vos
504 2702 592 2766 velut
615 2703 680 2765 iam
704 2705 850 2766 mortuos
874 2702 1007 2785 propter
1029 2699 1164 2784 impiam

150 2789 387 2874 profanamque
410 2789 677 2873 superstitionem
701 2794 797 2876 atque
821 2792 1045 2874 contemptum
1067 2810 1163 2852 verae

117 2899 119 2902 ·
151 2877 318 2962 religionis
342 2879 536 2942 excruciant.
582 2877 715 2943 Etenim
739 2880 767 2943 si
790 2878 938 2943 miserias
961 2881 1086 2942 vestras
1109 2898 1164 2940 vo-

151 2965 278 3029 lueritis
311 2966 468 3030 intentius
502 2967 638 3050 intueri,
670 2968 752 3032 nihil
785 2968 926 3032 inaniter
957 2966 1095 3030 relatum
1125 2964 1164 3028 de
1178 2987 1205 3028 co

243 3179 256 3227 1
273 3172 393 3242 exigerit
401 3174 478 3229 ΒΕ.
499 3175 654 3243 erigentL.
675 3175 802 3243 exigitV.
822 3174 867 3229 exi
904 3175 959 3229 tB.
992 3171 1164 3229 offerriV.B.

151 3242 250 3298 offerre
269 3250 316 3299 eet.
357 3244 546 3313 topitulares
565 3245 600 3299 L.
643 3246 840 3314 8disorepant
887 3245 933 3300 .P.
972 3250 1005 3299 12
1024 3259 1109 3299 eausa
1127 3244 1164 3299 B.

152 3319 186 3368 15
204 3313 308 3370 latenti
323 3315 358 3370 R.
409 3321 442 3369 16
461 3332 561 3385 corpus
576 3332 625 3371 om.
641 3317 714 3372 ΠΡ.
745 3316 910 3371 obstrictum
925 3315 959 3370 Β.
989 3315 1165 3370 obstructum

150 3385 264 3440 nm.
293 3386 396 3440 misera
414 3386 568 3441 obstructio
589 3387 623 3440 P.
680 3392 795 3441 recum
816 3386 846 3440 V.
880 3386 947 3454 quia
964 3403 1028 3441 oum
1046 3385 1164 3441 L.P.R.

151 3456 283 3523 quicum
301 3457 338 3512 Β.
410 3457 530 3525 etquis
547 3457 583 3513 R.
652 3463 685 3512 23
704 3456 818 3512 trahitis
837 3458 873 3512 B.
942 3463 977 3512 24
995 3456 1111 3528 propitii
1128 3456 1164 3511 R.

149 3531 185 3580 26
213 3527 251 3650 bil
271 3526 315 3582 illi
343 3528 484 3651 oLruoiatus
512 3527 628 3583 tartarei
654 3529 691 3582 B.
805 3535 839 3584 26
867 3528 1024 3597 decantati,
1052 3527 1102 3598 qui
1127 3527 1164 3581 B.

147 3602 185 3651 ‘29
203 3598 326 3653 coneris
370 3637 378 3653 .
