2654 3926
172 201 211 255 VI
569 198 786 254 PaaEnATIO.

173 360 360 450 exsistere¹)
384 365 415 427 et
439 361 523 427 diem
547 383 733 446 supremum
761 364 830 428 eius
855 361 1045 451 celebreril)
1069 365 1187 430 confir-

173 456 250 518 mat.
295 451 442 537 Denique
466 453 551 537 quod
573 450 726 516 Valerius
751 452 790 517 de
819 453 908 518 cultu
932 455 1087 539 anguium
1112 454 1187 518 Ale-

172 540 330 606 xandrino
357 541 473 606 tradit:
506 539 645 623 ‘'eiusque
671 561 737 606 moe
764 543 840 606 civit
865 547 894 606 et
919 543 1020 608 adbuc
1047 542 1186 608 Alexan-

171 630 261 694 driae
296 631 456 713 reliqiosas
492 635 537 695 eet
566 630 622 696 sab
652 631 818 712 penatium
853 633 979 696 &oram
1010 632 1124 696 bonore
1159 637 1188 696 et

171 720 261 784 stetis
292 720 396 785 dabas
427 723 532 785 selduc
563 719 621 784 ooli
651 738 735 784 more
764 718 930 785 eiusmodi'
961 723 1021 786 etc.
1052 717 1095 804 (I,
1119 716 1187 805 29),

171 806 206 871 id
234 811 309 873 ante
338 809 500 873 saeculum
525 808 672 891 quintum
697 808 853 892 scriptum
878 831 948 874 esse
971 807 1079 875 Moses
1103 806 1187 874 Obo-

173 898 317 962 renensis
346 896 452 981 docet,
480 918 552 961 cum
580 895 672 959 illam
700 897 967 963 consuetudinem
996 919 1055 962 sua
1081 900 1187 962 aetate

173 987 342 1051 evanuisse
360 981 542 1070 testaturl).
583 983 711 1048 Dixerit
733 985 814 1068 quis,
838 1007 877 1049 ex
900 987 957 1070 eis,
981 1007 1063 1070 quae
1083 986 1187 1050 adhuc

174 1097 194 1138 a
216 1074 310 1139 nobis
334 1076 488 1157 congesta
512 1075 601 1155 sunt,
628 1071 712 1135 nihil
739 1073 851 1158 colligi
873 1095 983 1157 posse,
1010 1077 1186 1157 propterea

174 1162 258 1246 quod
283 1163 391 1227 omnia
414 1183 465 1244 ea,
494 1161 611 1246 quibus
639 1180 698 1224 nos
727 1161 767 1224 ad
790 1164 939 1245 tempora
961 1160 1038 1225 Iulii
1062 1160 1186 1226 Valerii

174 1249 357 1314 definienda
374 1249 426 1313 usi
441 1250 550 1332 simus,
569 1271 608 1313 ex
627 1248 804 1332 archetypo
821 1249 942 1315 Graeco
963 1253 1092 1333 sumpta
1112 1250 1186 1314 sint

173 1339 219 1401 At
242 1337 344 1402 Iulius
363 1337 513 1403 Valerius
536 1359 602 1401 non
625 1337 672 1400 ita
695 1359 788 1402 suam
812 1338 851 1402 de
875 1337 1060 1402 Alexandro
1084 1337 1186 1401 histo-
1239 1345 1241 1352 ⁴

172 1425 255 1489 riam
279 1427 433 1510 confecit,
457 1428 493 1490 ut
515 1427 723 1511 verbotenus,
747 1449 830 1511 quae
853 1424 974 1490 Graece
997 1426 1130 1509 legeret,
1151 1424 1187 1488 in

173 1535 352 1579 sermonem
377 1514 530 1580 Latinum
553 1518 703 1581 verteret.
748 1514 863 1600 Itaque
887 1515 914 1578 si
938 1512 1023 1597 apud
1048 1535 1120 1578 eum
1144 1513 1186 1578 le·

174 1604 281 1688 gimus
310 1602 391 1670 ‘eius
419 1625 485 1670 mos
511 1604 588 1668 eicit
615 1601 730 1668 adtac’
755 1601 851 1667 ‘diem
878 1603 1056 1668 etiamnunc
1083 1622 1194 1668 semo-

172 1694 327 1758 tissimam
343 1692 465 1758 babeat'
485 1692 612 1776 aliaque
632 1690 800 1774 eiusmodi,
819 1691 858 1755 de
877 1691 957 1775 ipsis
975 1691 1051 1755 Iulii
1065 1691 1187 1758 Valerii

171 1781 373 1865 temporibus
397 1781 540 1865 cogitare
563 1780 648 1845 licet.

262 1868 400 1934 Constat
433 1869 534 1954 igitur
568 1870 642 1932 ante
675 1866 851 1932 Theodosii
885 1871 1035 1951 tempora
1067 1867 1186 1932 lulium

173 1955 341 2021 Valerium
366 1957 543 2040 scripsisse.
590 1955 653 2021 Sed
677 1957 869 2021 arctioribus
892 1956 1012 2021 finibus
1037 1960 1186 2039 tempora

172 2045 241 2109 eius
271 2045 593 2128 circumscripserunt
622 2066 696 2110 eum
725 2041 913 2132 Klugius4),
942 2047 1013 2109 tum
1044 2044 1185 2110 maxime

172 2131 276 2198 lulius
300 2131 465 2219 nachon).
510 2131 555 2196 Hi
582 2133 668 2198 enim
692 2133 872 2199 docuerunt
899 2137 1064 2198 auctorem
1089 2132 1186 2198 Itine-

172 2223 249 2286 rerii
269 2223 455 2306 Alexandri,
479 2243 572 2307 quem
597 2222 684 2286 inter
707 2244 809 2287 annos
834 2223 897 2288 341
923 2225 955 2286 et
980 2221 1045 2287 345
1066 2222 1186 2286 librum
1299 2219 1303 2226 ’

172 2332 266 2376 suum
299 2311 473 2376 Constanti
506 2310 701 2396 Imperatori
734 2310 898 2377 dedicasse
931 2314 1076 2396 constat,
1110 2311 1186 2375 lulii

171 2397 295 2464 Valerii
318 2401 457 2465 historia
483 2422 578 2464 usum
606 2421 686 2464 esse.
732 2399 801 2466 Nee
827 2405 938 2465 tamen
966 2403 1043 2465 ante
1067 2422 1186 2465 annum

262 2648 288 2714 1)
307 2646 440 2717 Eripitar
467 2661 530 2716 erpo
557 2647 636 2701 aedae
662 2663 744 2716 quom
773 2647 893 2701 monimo
920 2661 999 2715 opere
1028 2646 1066 2700 ad
1094 2646 1187 2700 laetor

171 2717 274 2785 templi,
291 2718 363 2786 quad
380 2718 538 2772 diamaune
557 2717 716 2772 Aleaoadri
733 2718 895 2772 nominatur
912 2716 961 2785 Ill,
976 2721 1020 2770 5⁷.

261 2789 289 2856 2)
309 2787 407 2840 Obitus
424 2792 515 2842 autem
533 2788 592 2842 ciue
610 2788 681 2842 dien
700 2788 781 2842 etium
799 2804 874 2843 auec
887 2787 1080 2843 Alecaadriac
1093 2802 1186 2842 eame-

172 2858 306 2913 tiese'mum
324 2858 424 2912 habeat
441 2857 546 2926 111,co.

261 2929 289 2995 3)
308 2928 356 2983 Aa
374 2929 539 2999 ciam-cinq
556 2928 589 2983 dc
606 2927 704 2997 Doupt
727 2943 764 2984 on
786 2945 820 2984 aa
842 2929 942 2984 celebre
959 2931 1029 2998 plac
1052 2933 1117 2984 cette
1134 2927 1187 2995 sate

171 3001 299 3068 anaema,
318 3016 353 3053 ea
366 3004 539 3054 cowroanaat
553 3000 599 3055 dea
613 2999 681 3054 aaa
695 3000 728 3053 de
741 3000 848 3070 claurpe,
867 3001 986 3055 odoram
1005 3001 1051 3056 dae
1068 3015 1187 3068 carpene,

171 3071 342 3126 <lamberunt
366 3071 413 3125 dee
437 3070 558 3140 pdteoaa
583 3071 636 3125 etc.
681 3069 807 3125 Histoire
833 3069 992 3126 d’Arrneuie
1039 3087 1071 3125 ar
1097 3068 1187 3124 Molee

173 3140 208 3196 de
235 3141 380 3204 liberere,
412 3141 499 3195 Texta
528 3142 557 3196 et
584 3139 745 3196 traduction
771 3141 909 3213 franoaiee
937 3158 991 3211 par
1017 3089 1048 3195 l.
1076 3139 1108 3195 n.
1146 3140 1186 3194 Le

171 3211 297 3267 Vaillant
312 3212 346 3266 de
361 3210 494 3281 lllorival,
513 3213 619 3267 Vened.
635 3216 713 3267 1841.
732 3211 764 3265 Τ.
774 3211 809 3282 ΙΙ,
827 3230 856 3282 p.
869 3217 927 3267 171.
964 3213 1000 3268 cl,
1019 3213 1186 3279 Lumbroso,

171 3281 301 3353 L’Egitto
321 3282 349 3337 al
367 3285 463 3353 tempo
483 3282 528 3338 dei
547 3281 662 3338 Gracia
681 3282 810 3348 Romani,
829 3284 909 3339 Rom.
930 3289 1008 3352 1882,
1027 3301 1055 3353 p.
1072 3287 1132 3338 189.

260 3356 289 3422 4)
308 3353 350 3409 De
368 3353 516 3409 Itinerario
535 3353 688 3410 Alexandri
706 3354 757 3421 Μ.,
775 3352 965 3409 Vratislaviae
987 3359 1065 3409 1861.

262 3427 288 3490 5)
307 3425 612 3495 Pseudocallisthenes,
638 3425 839 3495 Forechungen
863 3443 912 3479 zur
934 3425 1030 3479 Kritik
1052 3424 1110 3478 und
1133 3421 1187 3478 Ge-

173 3492 300 3550 sehichte
319 3496 368 3550 der
386 3496 509 3552 ltltesten
526 3495 739 3566 Aulaeichuung
758 3496 807 3551 der
825 3495 1060 3566 Alexandersage.
1101 3494 1186 3550 Halla

174 3570 251 3624 1887.
282 3585 310 3637 p.
325 3571 360 3620 48
375 3584 416 3636 eq.
