2648 3922
150 219 193 286 56
581 197 749 275 nieaar'

150 406 247 469 porro
263 387 394 448 centurn
413 386 446 447 et
465 384 643 467 sexaginta,
663 383 719 448 sed
733 383 978 448 vulneratorum
995 405 1163 448 numerum

150 475 185 537 in
210 473 335 538 duobus
359 472 490 537 milibus
514 473 685 537 exstitisse.
737 469 859 537 Contra
881 471 1053 536 Persarum
1081 471 1178 536 desi!

152 563 264 627 derata
284 561 413 646 quidem
432 564 561 625 centum
580 564 613 626 et
632 554 748 644 viginti
772 560 872 642 milia,
895 560 1034 644 praedae
1054 565 1163 625 autern

150 673 216 716 una
237 649 378 714 servitiis
402 649 576 733 poenisque
601 653 634 714 et
657 671 739 733 quae
761 649 923 713 vehebant
945 650 1080 733 pecunia
1102 648 1165 714 fuit

118 761 131 801 o
151 740 275 803 talenta
298 741 452 822 quattuor
475 738 572 803 milia.
1317 781 1318 812 3

242 825 301 892 45.
335 825 397 890 Sed
419 826 539 890 Darius
562 825 641 910 fuga
664 847 811 890 reversus
834 827 932 911 longe
956 827 1099 891 auctiore
1146 829 1229 886 XLII.

151 937 286 981 numero
316 918 483 980 contrecto
511 915 546 978 in
571 915 793 978 Alexandrum
817 914 1012 979 moliebatur
1036 915 1164 998 suisque
1183 916 1229 967 56.
1311 915 1318 986 ,l

151 1004 291 1088 undique
311 1006 491 1087 convenire,
509 1004 544 1067 in
559 1007 717 1087 quantum
735 1025 850 1068 manus
869 1004 989 1067 armari
1006 1007 1165 1087 potuerat,

151 1094 250 1159 iubet.
295 1091 332 1156 Id
359 1095 469 1156 tamen
496 1093 698 1175 comperiens
723 1091 906 1156 Alexander
933 1113 972 1156 ex
1001 1091 1090 1156 hisce
1113 1113 1164 1155 ex·

21 1241 25 1249 .
112 1204 138 1243 10
152 1180 382 1266 ploratoribus,
406 1181 461 1264 qui
485 1181 520 1244 in
543 1180 702 1245 dicionem
721 1179 935 1245 Macedonum
954 1179 1166 1263 devenissent,

153 1271 324 1354 omniaque
361 1269 418 1334 illa
450 1269 544 1333 Darii
580 1269 670 1333 milia
706 1269 798 1335 iuxta
830 1268 1021 1354 Euphraten
1059 1273 1165 1334 castra

151 1359 309 1444 posuisse,
332 1359 403 1440 ipse
427 1379 553 1442 quoque
578 1358 618 1422 ad
638 1355 878 1441 Scamandrum,
902 1356 1015 1422 ducem
1034 1379 1165 1422 suarum

152 1448 310 1532 partium,
334 1447 389 1531 qui
413 1446 548 1512 curabat
569 1450 646 1511 tuno
669 1445 893 1512 Macedoniam
917 1467 986 1510 sese
1009 1444 1165 1529 profecto,

154 1536 267 1601 scribit
286 1536 390 1600 omnis
408 1536 601 1621 phalangas,
625 1557 704 1619 quas
726 1535 883 1616 [boberet],
907 1555 1042 1618 armare,
1061 1536 1118 1598 aut
1137 1534 1165 1597 si

113 1646 139 1686 15
154 1625 231 1709 quid
259 1629 427 1708 praeterea
457 1625 492 1687 in
521 1623 649 1688 auxiliis
677 1624 795 1688 virium
821 1623 918 1707 foret,
945 1645 1082 1708 propere
1111 1621 1165 1685 ad-

154 1714 338 1796 moliretur,
361 1733 465 1797 neque
489 1712 576 1776 enim
598 1711 701 1776 hostis
725 1712 855 1796 longius
878 1712 1032 1777 adsidere.
1078 1709 1166 1786 Quae

155 1802 230 1867 dum
245 1824 304 1884 pro
318 1799 488 1866 commodo
502 1800 708 1881 festinantur,
723 1800 793 1882 ipse
808 1821 874 1862 una
889 1801 1031 1865 exercitu
1041 1799 1168 1865 Achaia

153 1891 329 1973 peragrata
353 1888 529 1970 multisque
552 1890 721 1970 praeterea
745 1887 932 1951 civitatibus
952 1887 1090 1972 receptis
1110 1891 1168 1951 aut
1281 1934 1283 1937 ψ

154 1976 309 2060 quaesitis
340 1977 438 2040 etiam
467 1978 597 2039 centum
625 1977 658 2038 et
686 1975 896 2059 septuaginta
918 1975 1009 2038 milia
1037 1975 1167 2058 collegit

114 2087 140 2126 1ο
155 2067 356 2130 armatorum
390 2063 595 2147 Taurumque
626 2062 817 2128 transducit.
863 2063 1008 2146 Tumque
1041 2084 1167 2126 summo

154 2154 190 2218 in
213 2153 352 2218 culmine
376 2151 474 2216 Tauri
502 2151 623 2216 montis
650 2152 747 2216 hasta
775 2152 879 2216 defixa
907 2150 1025 2216 dixisse
1054 2149 1168 2235 fertur,

156 2243 300 2328 quisquis
319 2241 411 2305 illam
430 2262 487 2304 rex
506 2240 638 2304 milesve
654 2239 795 2305 Graecus
815 2244 872 2304 aut
889 2240 1049 2305 barbarus
1068 2239 1167 2304 humo

155 2332 292 2396 evellere
312 2351 410 2394 ausus
429 2329 522 2408 foret,
542 2327 680 2392 edictum
700 2329 763 2393 sibi
782 2328 872 2393 urbis
892 2351 928 2394 ac
947 2329 1071 2412 patriae
1092 2350 1168 2393 suae

156 2421 285 2504 suisque
309 2418 466 2484 excidium
491 2415 714 2482 meminisset?
1260 2421 1261 2424 ’

116 2531 142 2570 ae
246 2505 305 2574 46.
342 2507 417 2592 Ipse
441 2511 549 2571 tamen
574 2505 615 2570 ad
638 2505 802 2572 civitatem
826 2505 978 2590 Pieriam,
1002 2528 1084 2590 quae
1107 2505 1168 2570 Be·
1187 2517 1232 2570 57.

155 2598 287 2681 bryciae
311 2596 388 2660 urbs
411 2595 559 2677 habetur,
581 2594 645 2658 iter
668 2596 751 2658 exim
775 2595 867 2680 fecit,
890 2617 953 2678 qua
977 2595 1011 2659 in
1034 2593 1113 2658 urbe
1138 2597 1170 2658 et

222 2741 225 2746 ’
248 2741 261 2786 1
281 2751 427 2788 numerum
439 2734 511 2788 Mai.
530 2733 676 2787 hominum
686 2733 761 2786 AP.
806 2733 871 2786 hin
889 2748 939 2786 om.
952 2731 985 2784 P.
1015 2731 1122 2785 duabus
1133 2732 1168 2786 A.

157 2811 174 2858 4
193 2805 344 2876 pecuisque
359 2803 394 2858 A.
422 2803 604 2873 pecuniisque
621 2802 655 2857 P.
681 2819 822 2872 pecusque
836 2809 864 2858 Τ.
898 2803 970 2856 iuter
984 2802 1130 2855 Persarum
1144 2807 1171 2858 et

156 2891 297 2946 pecusque
312 2877 343 2928 io
352 2881 372 2927 r
382 2881 435 2928 trec
447 2890 542 2930 ocreas
555 2875 677 2940 fueruat,
692 2889 758 2942 quoe
773 2875 856 2942 lepore
869 2889 926 2927 ooo
936 2873 1034 2942 potai;
1047 2874 1129 2927 uerbo
1138 2875 1171 2928 ia

157 2947 184 3002 A
199 2952 224 3002 et
235 2947 263 3000 P
273 2947 381 3000 hadita
394 2947 512 3000 duorum
526 2951 634 2999 tontum
649 2961 774 2999 16111111
788 2946 908 3013 spatium
922 2945 954 2998 io
967 2949 987 2995 Τ
1001 2945 1169 3012 complerent.

246 3017 295 3073 45.
323 3023 337 3072 7
352 3033 454 3071 novum
466 3014 605 3084 proelium
614 3015 783 3070 moliebatur
790 3015 892 3069 Eterb.
929 3018 945 3066 8
960 3014 1084 3083 undique
1092 3016 1128 3068 A.
1137 3015 1171 3070 P.

158 3089 343 3158 unicuiquer.
376 3085 451 3141 9his
459 3088 492 3140 P.
522 3091 554 3140 11
569 3086 671 3140 iuxtim
679 3087 712 3140 P.
742 3090 775 3138 12
792 3084 1073 3152 ScamandrumAP
1091 3086 1171 3155 Epir,

159 3161 255 3216 draeo.
285 3158 471 3214 Cassandrum
488 3157 623 3212 MotMr.
650 3157 748 3212 ducem
763 3157 798 3211 A.
819 3155 915 3211 decem
932 3157 966 3212 P.
1023 3162 1056 3210 13
1072 3157 1120 3224 qui
1137 3157 1169 3210 P.
1317 3209 1318 3216 ,

158 3230 303 3300 quiqueA.
343 3235 376 3282 14
396 3228 634 3283 haberetoddr'di.
654 3228 923 3282 armaretMai.Mr.
962 3232 995 3280 15
1014 3228 1170 3296 propereP.
1212 3250 1217 3252 ·

158 3302 350 3371 proptereaA.
387 3305 421 3354 20
441 3301 576 3367 Tuncque
585 3299 619 3352 P.
657 3303 689 3352 21
710 3299 744 3353 de
764 3298 894 3353 defixaP.
933 3304 966 3352 22
987 3316 1004 3352 a
1024 3297 1170 3352 ‘Graecus’

158 3370 588 3494 reluctaretur-tutta
602 3369 1174 3509 arbitrabanturque

248 3509 295 3564 46.
330 3514 363 3561 25
382 3509 521 3564 bebriciae
541 3516 569 3562 Τ.
608 3527 692 3579 quam
711 3510 891 3564 Habruohiae
915 3511 980 3565 urbs
999 3509 1119 3565 habetur
1136 3512 1173 3564 A.

159 3595 231 3646 quae
249 3578 405 3632 Babruciae
423 3579 525 3633 dicitur
546 3581 579 3632 P.
