<?xml version="1.0" encoding="UTF-8"?>
<!DOCTYPE html PUBLIC "-//W3C//DTD XHTML 1.0 Transitional//EN"
    "http://www.w3.org/TR/xhtml1/DTD/xhtml1-transitional.dtd">
<html xmlns="http://www.w3.org/1999/xhtml" xml:lang="en" lang="en">
 <head>
  <title>
</title>
<meta http-equiv="Content-Type" content="text/html;charset=utf-8" />
  <meta name='ocr-system' content='tesseract 3.04.00' />
  <meta name='ocr-capabilities' content='ocr_page ocr_carea ocr_par ocr_line ocrx_word'/>
</head>
<body>
  <div class='ocr_page' id='page_1' title='image "./iulivalerialexa00kbgoog_0229.png"; bbox 0 0 2646 3934; ppageno 0'>
   <div class='ocr_carea' id='block_1_1' title="bbox 185 195 1073 264">
    <p class='ocr_par' dir='ltr' id='par_1_1' title="bbox 185 195 1073 264">
     <span class='ocr_line' id='line_1_1' title="bbox 185 195 1073 264; baseline -0.002 -9"><span class='ocrx_word' id='word_1_1' title='bbox 185 199 248 264; x_wconf 79' lang='grc'><strong>192</strong></span> <span class='ocrx_word' id='word_1_2' title='bbox 309 197 487 254; x_wconf 84' lang='lat' dir='ltr'>EPISTOLA</span> <span class='ocrx_word' id='word_1_3' title='bbox 505 195 719 253; x_wconf 77' lang='lat' dir='ltr'><strong>ALEXANDRI</strong></span> <span class='ocrx_word' id='word_1_4' title='bbox 736 198 786 252; x_wconf 81' lang='lat' dir='ltr'><strong>AD</strong></span> <span class='ocrx_word' id='word_1_5' title='bbox 807 197 1073 254; x_wconf 70' lang='lat' dir='ltr'><strong>nalssornunn.</strong></span> 
     </span>
    </p>
   </div>
   <div class='ocr_carea' id='block_1_2' title="bbox 182 359 1199 638">
    <p class='ocr_par' dir='ltr' id='par_1_2' title="bbox 182 359 1199 638">
     <span class='ocr_line' id='line_1_2' title="bbox 183 359 1199 445; baseline -0.001 -19"><span class='ocrx_word' id='word_1_6' title='bbox 183 361 426 427; x_wconf 79' lang='lat' dir='ltr'><strong>commendabo.</strong></span> <span class='ocrx_word' id='word_1_7' title='bbox 473 359 562 436; x_wconf 79' lang='lat' dir='ltr'><strong>Quae</strong></span> <span class='ocrx_word' id='word_1_8' title='bbox 587 382 658 426; x_wconf 89' lang='lat' dir='ltr'><strong>eum</strong></span> <span class='ocrx_word' id='word_1_9' title='bbox 682 361 774 445; x_wconf 84' lang='lat' dir='ltr'><strong>legis,</strong></span> <span class='ocrx_word' id='word_1_10' title='bbox 797 360 880 425; x_wconf 87' lang='lat' dir='ltr'><strong>seito</strong></span> <span class='ocrx_word' id='word_1_11' title='bbox 904 381 973 424; x_wconf 91' lang='lat' dir='ltr'><strong>esse</strong></span> <span class='ocrx_word' id='word_1_12' title='bbox 997 360 1089 444; x_wconf 89' lang='lat' dir='ltr'><strong>talia,</strong></span> <span class='ocrx_word' id='word_1_13' title='bbox 1113 383 1199 445; x_wconf 86' lang='lat' dir='ltr'><strong>quae</strong></span> 
     </span>
     <span class='ocr_line' id='line_1_3' title="bbox 182 448 965 532; baseline -0.001 -18"><span class='ocrx_word' id='word_1_14' title='bbox 182 471 291 514; x_wconf 89' lang='lat' dir='ltr'><strong>curam</strong></span> <span class='ocrx_word' id='word_1_15' title='bbox 316 449 493 514; x_wconf 79' lang='lat' dir='ltr'><strong>Alexandri</strong></span> <span class='ocrx_word' id='word_1_16' title='bbox 515 450 564 514; x_wconf 92' lang='lat' dir='ltr'><strong>tui</strong></span> <span class='ocrx_word' id='word_1_17' title='bbox 587 449 755 532; x_wconf 79' lang='lat' dir='ltr'><strong>complecti</strong></span> <span class='ocrx_word' id='word_1_18' title='bbox 780 448 965 514; x_wconf 84' lang='lat' dir='ltr'><strong>decuerunt.</strong></span> 
     </span>
     <span class='ocr_line' id='line_1_4' title="bbox 271 535 1198 638; baseline -0.002 -34"><span class='ocrx_word' id='word_1_19' title='bbox 271 535 382 604; x_wconf 89' lang='lat' dir='ltr'><strong>Mense</strong></span> <span class='ocrx_word' id='word_1_20' title='bbox 406 537 494 603; x_wconf 89' lang='lat' dir='ltr'><strong>Maio</strong></span> <span class='ocrx_word' id='word_1_21' title='bbox 518 559 595 622; x_wconf 89' lang='lat' dir='ltr'><strong>rege</strong></span> <span class='ocrx_word' id='word_1_22' title='bbox 617 536 788 602; x_wconf 79' lang='lat' dir='ltr'><strong>Persarum</strong></span> <span class='ocrx_word' id='word_1_23' title='bbox 811 537 912 601; x_wconf 91' lang='lat' dir='ltr'><strong>Dario</strong></span> <span class='ocrx_word' id='word_1_24' title='bbox 936 535 1022 620; x_wconf 89' lang='lat' dir='ltr'><strong>apud</strong></span> <span class='ocrx_word' id='word_1_25' title='bbox 1046 535 1198 638; x_wconf 81' lang='lat' dir='ltr'><strong>Gangem</strong></span> 
     </span>
    </p>
   </div>
   <div class='ocr_carea' id='block_1_3' title="bbox 144 624 1200 2298">
    <p class='ocr_par' dir='ltr' id='par_1_3' title="bbox 183 624 1199 710">
     <span class='ocr_line' id='line_1_5' title="bbox 183 624 1199 710; baseline 0 -19"><span class='ocrx_word' id='word_1_26' title='bbox 183 647 310 692; x_wconf 88' lang='lat' dir='ltr'><strong>amnem</strong></span> <span class='ocrx_word' id='word_1_27' title='bbox 342 630 495 709; x_wconf 89' lang='lat' dir='ltr'><strong>superato</strong></span> <span class='ocrx_word' id='word_1_28' title='bbox 527 630 723 710; x_wconf 86' lang='lat' dir='ltr'><strong>acceptaque</strong></span> <span class='ocrx_word' id='word_1_29' title='bbox 755 625 790 688; x_wconf 91' lang='lat' dir='ltr'><strong>in</strong></span> <span class='ocrx_word' id='word_1_30' title='bbox 818 624 977 690; x_wconf 86' lang='lat' dir='ltr'><strong>dicionem</strong></span> <span class='ocrx_word' id='word_1_31' title='bbox 1009 626 1097 689; x_wconf 92' lang='lat' dir='ltr'><strong>omni</strong></span> <span class='ocrx_word' id='word_1_32' title='bbox 1128 648 1199 691; x_wconf 89' lang='lat' dir='ltr'><strong>e1us</strong></span> 
     </span>
    </p>

    <p class='ocr_par' dir='ltr' id='par_1_4' title="bbox 156 714 1200 1150">
     <span class='ocr_line' id='line_1_6' title="bbox 156 714 1200 800; baseline 0.005 -26"><span class='ocrx_word' id='word_1_33' title='bbox 156 715 317 800; x_wconf 78' lang='lat' dir='ltr'><strong>eregione</strong></span> <span class='ocrx_word' id='word_1_34' title='bbox 337 714 517 779; x_wconf 89' lang='lat' dir='ltr'><strong>ordinarios</strong></span> <span class='ocrx_word' id='word_1_35' title='bbox 536 717 844 797; x_wconf 90' lang='lat' dir='ltr'><strong>praeparatoresque</strong></span> <span class='ocrx_word' id='word_1_36' title='bbox 863 717 995 778; x_wconf 85' lang='lat' dir='ltr'><strong>nostros</strong></span> <span class='ocrx_word' id='word_1_37' title='bbox 1010 715 1200 797; x_wconf 69' lang='lat' dir='ltr'><strong>praeposui-</strong></span> 
     </span>
     <span class='ocr_line' id='line_1_7' title="bbox 182 801 1199 886; baseline -0.002 -18"><span class='ocrx_word' id='word_1_38' title='bbox 182 825 254 868; x_wconf 89' lang='lat' dir='ltr'><strong>mus</strong></span> <span class='ocrx_word' id='word_1_39' title='bbox 277 803 412 868; x_wconf 88' lang='lat' dir='ltr'><strong>orientis</strong></span> <span class='ocrx_word' id='word_1_40' title='bbox 435 803 611 886; x_wconf 87' lang='lat' dir='ltr'><strong>provinciis</strong></span> <span class='ocrx_word' id='word_1_41' title='bbox 635 802 808 885; x_wconf 86' lang='lat' dir='ltr'><strong>multisque</strong></span> <span class='ocrx_word' id='word_1_42' title='bbox 833 803 950 884; x_wconf 88' lang='lat' dir='ltr'><strong>opibus</strong></span> <span class='ocrx_word' id='word_1_43' title='bbox 975 801 1078 886; x_wconf 82' lang='lat' dir='ltr'><strong>ditati,</strong></span> <span class='ocrx_word' id='word_1_44' title='bbox 1105 807 1142 866; x_wconf 92' lang='lat' dir='ltr'><strong>ut</strong></span> <span class='ocrx_word' id='word_1_45' title='bbox 1164 803 1199 866; x_wconf 90' lang='lat' dir='ltr'><strong>in</strong></span> 
     </span>
     <span class='ocr_line' id='line_1_8' title="bbox 181 889 1200 976; baseline -0.001 -21"><span class='ocrx_word' id='word_1_46' title='bbox 181 893 282 975; x_wconf 89' lang='lat' dir='ltr'><strong>priori</strong></span> <span class='ocrx_word' id='word_1_47' title='bbox 305 892 366 955; x_wconf 90' lang='lat' dir='ltr'><strong>tibi</strong></span> <span class='ocrx_word' id='word_1_48' title='bbox 390 892 530 974; x_wconf 89' lang='lat' dir='ltr'><strong>epistola</strong></span> <span class='ocrx_word' id='word_1_49' title='bbox 553 889 821 976; x_wconf 76' lang='lat' dir='ltr'><strong>significaveram,</strong></span> <span class='ocrx_word' id='word_1_50' title='bbox 844 925 888 938; x_wconf 93' lang='lat'><strong>--</strong></span> <span class='ocrx_word' id='word_1_51' title='bbox 911 894 945 954; x_wconf 90' lang='lat' dir='ltr'><strong>et</strong></span> <span class='ocrx_word' id='word_1_52' title='bbox 968 912 1009 954; x_wconf 90' lang='lat' dir='ltr'><strong>ne</strong></span> <span class='ocrx_word' id='word_1_53' title='bbox 1033 891 1094 954; x_wconf 91' lang='lat' dir='ltr'><strong>sim</strong></span> <span class='ocrx_word' id='word_1_54' title='bbox 1119 891 1200 955; x_wconf 89' lang='lat' dir='ltr'><strong>mul-</strong></span> 
     </span>
     <span class='ocr_line' id='line_1_9' title="bbox 182 978 1198 1064; baseline -0.001 -20"><span class='ocrx_word' id='word_1_55' title='bbox 182 981 291 1064; x_wconf 84' lang='lat' dir='ltr'><strong>tiplex,</strong></span> <span class='ocrx_word' id='word_1_56' title='bbox 310 1001 396 1044; x_wconf 88' lang='lat' dir='ltr'><strong>nuno</strong></span> <span class='ocrx_word' id='word_1_57' title='bbox 415 980 526 1063; x_wconf 90' lang='lat' dir='ltr'><strong>priora</strong></span> <span class='ocrx_word' id='word_1_58' title='bbox 545 979 632 1043; x_wconf 89' lang='lat' dir='ltr'><strong>facta</strong></span> <span class='ocrx_word' id='word_1_59' title='bbox 651 980 718 1043; x_wconf 86' lang='lat' dir='ltr'><strong>iam</strong></span> <span class='ocrx_word' id='word_1_60' title='bbox 737 978 948 1062; x_wconf 88' lang='lat' dir='ltr'><strong>praecognita</strong></span> <span class='ocrx_word' id='word_1_61' title='bbox 966 983 1134 1062; x_wconf 89' lang='lat' dir='ltr'><strong>praetereo</strong></span> <span class='ocrx_word' id='word_1_62' title='bbox 1154 1015 1198 1024; x_wconf 94' lang='lat'><em>-</em></span> 
     </span>
     <span class='ocr_line' id='line_1_10' title="bbox 183 1065 1200 1150; baseline 0 -19"><span class='ocrx_word' id='word_1_63' title='bbox 183 1089 293 1133; x_wconf 90' lang='lat' dir='ltr'><strong>mense</strong></span> <span class='ocrx_word' id='word_1_64' title='bbox 321 1068 404 1133; x_wconf 91' lang='lat' dir='ltr'><strong>Iulio</strong></span> <span class='ocrx_word' id='word_1_65' title='bbox 434 1067 602 1131; x_wconf 87' lang='lat' dir='ltr'><strong>deficiente</strong></span> <span class='ocrx_word' id='word_1_66' title='bbox 631 1066 665 1130; x_wconf 92' lang='lat' dir='ltr'><strong>in</strong></span> <span class='ocrx_word' id='word_1_67' title='bbox 694 1067 820 1131; x_wconf 89' lang='lat' dir='ltr'><strong>Indiam</strong></span> <span class='ocrx_word' id='word_1_68' title='bbox 843 1065 1024 1131; x_wconf 90' lang='lat' dir='ltr'><strong>Phasiaoen</strong></span> <span class='ocrx_word' id='word_1_69' title='bbox 1051 1068 1200 1150; x_wconf 92' lang='lat' dir='ltr'><strong>perveni-</strong></span> 
     </span>
    </p>

    <p class='ocr_par' dir='ltr' id='par_1_5' title="bbox 144 1154 1199 1330">
     <span class='ocr_line' id='line_1_11' title="bbox 144 1154 1199 1239; baseline -0.001 -18"><span class='ocrx_word' id='word_1_70' title='bbox 144 1173 265 1238; x_wconf 78' lang='lat' dir='ltr'><strong>lomus,</strong></span> <span class='ocrx_word' id='word_1_71' title='bbox 287 1156 344 1220; x_wconf 91' lang='lat' dir='ltr'><strong>ubi</strong></span> <span class='ocrx_word' id='word_1_72' title='bbox 367 1156 450 1219; x_wconf 91' lang='lat' dir='ltr'><strong>mira</strong></span> <span class='ocrx_word' id='word_1_73' title='bbox 472 1155 639 1219; x_wconf 90' lang='lat' dir='ltr'><strong>celeritate</strong></span> <span class='ocrx_word' id='word_1_74' title='bbox 658 1154 744 1220; x_wconf 84' lang='lat' dir='ltr'><strong>Poro</strong></span> <span class='ocrx_word' id='word_1_75' title='bbox 763 1175 840 1238; x_wconf 89' lang='lat' dir='ltr'><strong>rege</strong></span> <span class='ocrx_word' id='word_1_76' title='bbox 858 1154 987 1220; x_wconf 84' lang='lat' dir='ltr'><strong>devicto</strong></span> <span class='ocrx_word' id='word_1_77' title='bbox 1011 1154 1199 1239; x_wconf 80' lang='lat' dir='ltr'><strong>ingentibus</strong></span> 
     </span>
     <span class='ocr_line' id='line_1_12' title="bbox 185 1243 811 1330; baseline -0.003 -22"><span class='ocrx_word' id='word_1_78' title='bbox 185 1245 307 1309; x_wconf 90' lang='lat' dir='ltr'><strong>divitiis</strong></span> <span class='ocrx_word' id='word_1_79' title='bbox 331 1245 423 1328; x_wconf 84' lang='lat' dir='ltr'><strong>regia</strong></span> <span class='ocrx_word' id='word_1_80' title='bbox 446 1264 527 1330; x_wconf 82' lang='lat' dir='ltr'><strong>gaza</strong></span> <span class='ocrx_word' id='word_1_81' title='bbox 549 1243 667 1328; x_wconf 90' lang='lat' dir='ltr'><strong>repleti</strong></span> <span class='ocrx_word' id='word_1_82' title='bbox 691 1264 811 1308; x_wconf 88' lang='lat' dir='ltr'><strong>sumus.</strong></span> 
     </span>
    </p>

    <p class='ocr_par' dir='ltr' id='par_1_6' title="bbox 184 1331 1200 1593">
     <span class='ocr_line' id='line_1_13' title="bbox 273 1331 1200 1415; baseline 0.001 -20"><span class='ocrx_word' id='word_1_83' title='bbox 273 1331 438 1408; x_wconf 79' lang='lat' dir='ltr'><strong>Quaedam</strong></span> <span class='ocrx_word' id='word_1_84' title='bbox 453 1333 569 1397; x_wconf 79' lang='lat' dir='ltr'><strong>addam</strong></span> <span class='ocrx_word' id='word_1_85' title='bbox 586 1333 673 1414; x_wconf 88' lang='lat' dir='ltr'><strong>novi,</strong></span> <span class='ocrx_word' id='word_1_86' title='bbox 692 1331 768 1415; x_wconf 87' lang='lat' dir='ltr'><strong>quia</strong></span> <span class='ocrx_word' id='word_1_87' title='bbox 783 1331 992 1396; x_wconf 85' lang='lat' dir='ltr'><strong>memorabile</strong></span> <span class='ocrx_word' id='word_1_88' title='bbox 1012 1335 1045 1395; x_wconf 94' lang='lat' dir='ltr'><strong>et</strong></span> <span class='ocrx_word' id='word_1_89' title='bbox 1060 1353 1200 1415; x_wconf 88' lang='lat' dir='ltr'><strong>aequum</strong></span> 
     </span>
     <span class='ocr_line' id='line_1_14' title="bbox 184 1419 1200 1504; baseline 0 -20"><span class='ocrx_word' id='word_1_90' title='bbox 184 1422 289 1484; x_wconf 93' lang='lat' dir='ltr'><strong>visum</strong></span> <span class='ocrx_word' id='word_1_91' title='bbox 317 1423 367 1484; x_wconf 91' lang='lat' dir='ltr'><strong>est</strong></span> <span class='ocrx_word' id='word_1_92' title='bbox 390 1420 573 1485; x_wconf 86' lang='lat' dir='ltr'><strong>describere</strong></span> <span class='ocrx_word' id='word_1_93' title='bbox 597 1421 635 1484; x_wconf 94' lang='lat' dir='ltr'><strong>de</strong></span> <span class='ocrx_word' id='word_1_94' title='bbox 658 1419 865 1484; x_wconf 88' lang='lat' dir='ltr'><strong>inumerabili</strong></span> <span class='ocrx_word' id='word_1_95' title='bbox 888 1420 1029 1484; x_wconf 86' lang='lat' dir='ltr'><strong>exercitu</strong></span> <span class='ocrx_word' id='word_1_96' title='bbox 1053 1421 1136 1504; x_wconf 86' lang='lat' dir='ltr'><strong>eius,</strong></span> <span class='ocrx_word' id='word_1_97' title='bbox 1165 1421 1200 1485; x_wconf 93' lang='lat' dir='ltr'><strong>in</strong></span> 
     </span>
     <span class='ocr_line' id='line_1_15' title="bbox 185 1507 1199 1593; baseline -0.001 -20"><span class='ocrx_word' id='word_1_98' title='bbox 185 1530 249 1592; x_wconf 91' lang='lat' dir='ltr'><strong>quo</strong></span> <span class='ocrx_word' id='word_1_99' title='bbox 272 1508 361 1573; x_wconf 90' lang='lat' dir='ltr'><strong>fuere</strong></span> <span class='ocrx_word' id='word_1_100' title='bbox 384 1514 513 1592; x_wconf 90' lang='lat' dir='ltr'><strong>praeter</strong></span> <span class='ocrx_word' id='word_1_101' title='bbox 531 1508 677 1592; x_wconf 91' lang='lat' dir='ltr'><strong>peditum</strong></span> <span class='ocrx_word' id='word_1_102' title='bbox 701 1509 810 1593; x_wconf 89' lang='lat' dir='ltr'><strong>copias</strong></span> <span class='ocrx_word' id='word_1_103' title='bbox 831 1507 1088 1590; x_wconf 89' lang='lat' dir='ltr'><strong>quattuordecim</strong></span> <span class='ocrx_word' id='word_1_104' title='bbox 1108 1509 1199 1573; x_wconf 90' lang='lat' dir='ltr'><strong>milia</strong></span> 
     </span>
    </p>

    <p class='ocr_par' dir='ltr' id='par_1_7' title="bbox 144 1595 1200 2298">
     <span class='ocr_line' id='line_1_16' title="bbox 144 1595 1199 1683; baseline -0.001 -22"><span class='ocrx_word' id='word_1_105' title='bbox 144 1613 170 1654; x_wconf 80' lang='lat'><strong>1⁶</strong></span> <span class='ocrx_word' id='word_1_106' title='bbox 185 1597 342 1680; x_wconf 87' lang='lat' dir='ltr'><strong>equitum,</strong></span> <span class='ocrx_word' id='word_1_107' title='bbox 367 1598 574 1683; x_wconf 67' lang='lat' dir='ltr'><strong>octingentae</strong></span> <span class='ocrx_word' id='word_1_108' title='bbox 598 1597 789 1682; x_wconf 84' lang='lat' dir='ltr'><strong>quadrigae,</strong></span> <span class='ocrx_word' id='word_1_109' title='bbox 813 1617 925 1661; x_wconf 89' lang='lat' dir='ltr'><strong>omnes</strong></span> <span class='ocrx_word' id='word_1_110' title='bbox 949 1595 1102 1679; x_wconf 85' lang='lat' dir='ltr'><strong>falcatae,</strong></span> <span class='ocrx_word' id='word_1_111' title='bbox 1126 1619 1199 1680; x_wconf 92' lang='lat' dir='ltr'><strong>cap·</strong></span> 
     </span>
     <span class='ocr_line' id='line_1_17' title="bbox 183 1685 1200 1770; baseline 0.001 -22"><span class='ocrx_word' id='word_1_112' title='bbox 183 1686 226 1750; x_wconf 93' lang='lat' dir='ltr'><strong>tis</strong></span> <span class='ocrx_word' id='word_1_113' title='bbox 261 1685 504 1770; x_wconf 84' lang='lat' dir='ltr'><strong>quadringentis</strong></span> <span class='ocrx_word' id='word_1_114' title='bbox 542 1685 743 1769; x_wconf 85' lang='lat' dir='ltr'><strong>elephantis,</strong></span> <span class='ocrx_word' id='word_1_115' title='bbox 780 1685 836 1768; x_wconf 92' lang='lat' dir='ltr'><strong>qui</strong></span> <span class='ocrx_word' id='word_1_116' title='bbox 871 1685 1091 1768; x_wconf 80' lang='lat' dir='ltr'><strong>superpositas</strong></span> <span class='ocrx_word' id='word_1_117' title='bbox 1127 1707 1200 1749; x_wconf 91' lang='lat' dir='ltr'><strong>cum</strong></span> 
     </span>
     <span class='ocr_line' id='line_1_18' title="bbox 185 1772 1200 1856; baseline 0 -19"><span class='ocrx_word' id='word_1_118' title='bbox 185 1774 318 1838; x_wconf 90' lang='lat' dir='ltr'><strong>armatis</strong></span> <span class='ocrx_word' id='word_1_119' title='bbox 351 1773 646 1856; x_wconf 87' lang='lat' dir='ltr'><strong>iaculatoribusque</strong></span> <span class='ocrx_word' id='word_1_120' title='bbox 677 1777 784 1837; x_wconf 90' lang='lat' dir='ltr'><strong>turres</strong></span> <span class='ocrx_word' id='word_1_121' title='bbox 818 1776 1033 1856; x_wconf 88' lang='lat' dir='ltr'><strong>gestaverant.</strong></span> <span class='ocrx_word' id='word_1_122' title='bbox 1087 1772 1200 1856; x_wconf 90' lang='lat' dir='ltr'><strong>Ipsam</strong></span> 
     </span>
     <span class='ocr_line' id='line_1_19' title="bbox 184 1861 1200 1946; baseline 0.002 -22"><span class='ocrx_word' id='word_1_123' title='bbox 184 1863 310 1946; x_wconf 86' lang='lat' dir='ltr'><strong>regiam</strong></span> <span class='ocrx_word' id='word_1_124' title='bbox 338 1862 450 1925; x_wconf 89' lang='lat' dir='ltr'><strong>urbem</strong></span> <span class='ocrx_word' id='word_1_125' title='bbox 481 1861 557 1926; x_wconf 89' lang='lat' dir='ltr'><strong>Pori</strong></span> <span class='ocrx_word' id='word_1_126' title='bbox 586 1861 780 1945; x_wconf 91' lang='lat' dir='ltr'><strong>domumque</strong></span> <span class='ocrx_word' id='word_1_127' title='bbox 811 1861 909 1924; x_wconf 91' lang='lat' dir='ltr'><strong>armis</strong></span> <span class='ocrx_word' id='word_1_128' title='bbox 940 1861 1135 1944; x_wconf 87' lang='lat' dir='ltr'><strong>invasimus,</strong></span> <span class='ocrx_word' id='word_1_129' title='bbox 1166 1862 1200 1926; x_wconf 91' lang='lat' dir='ltr'><strong>in</strong></span> 
     </span>
     <span class='ocr_line' id='line_1_20' title="bbox 187 1949 1200 2034; baseline 0.002 -22"><span class='ocrx_word' id='word_1_130' title='bbox 187 1970 251 2032; x_wconf 91' lang='lat' dir='ltr'><strong>qua</strong></span> <span class='ocrx_word' id='word_1_131' title='bbox 279 1949 446 2014; x_wconf 87' lang='lat' dir='ltr'><strong>columnas</strong></span> <span class='ocrx_word' id='word_1_132' title='bbox 477 1970 590 2013; x_wconf 90' lang='lat' dir='ltr'><strong>aureas</strong></span> <span class='ocrx_word' id='word_1_133' title='bbox 621 1949 806 2032; x_wconf 89' lang='lat' dir='ltr'><strong>solidasque</strong></span> <span class='ocrx_word' id='word_1_134' title='bbox 834 1949 957 2034; x_wconf 85' lang='lat' dir='ltr'><strong>ingenti</strong></span> <span class='ocrx_word' id='word_1_135' title='bbox 989 1949 1200 2014; x_wconf 84' lang='lat' dir='ltr'><strong>crassitudine</strong></span> 
     </span>
     <span class='ocr_line' id='line_1_21' title="bbox 147 2036 1200 2122; baseline 0.004 -24"><span class='ocrx_word' id='word_1_136' title='bbox 147 2055 173 2096; x_wconf 83' lang='lat' dir='ltr'><strong>ao</strong></span> <span class='ocrx_word' id='word_1_137' title='bbox 188 2040 283 2120; x_wconf 89' lang='lat' dir='ltr'><strong>atque</strong></span> <span class='ocrx_word' id='word_1_138' title='bbox 307 2036 477 2101; x_wconf 87' lang='lat' dir='ltr'><strong>altitudine</strong></span> <span class='ocrx_word' id='word_1_139' title='bbox 501 2059 574 2100; x_wconf 92' lang='lat' dir='ltr'><strong>cum</strong></span> <span class='ocrx_word' id='word_1_140' title='bbox 599 2037 665 2101; x_wconf 91' lang='lat' dir='ltr'><strong>suis</strong></span> <span class='ocrx_word' id='word_1_141' title='bbox 689 2037 850 2122; x_wconf 83' lang='lat' dir='ltr'><strong>capitellis</strong></span> <span class='ocrx_word' id='word_1_142' title='bbox 870 2037 1043 2102; x_wconf 91' lang='lat' dir='ltr'><strong>admodum</strong></span> <span class='ocrx_word' id='word_1_143' title='bbox 1062 2038 1200 2122; x_wconf 89' lang='lat' dir='ltr'><strong>triginta</strong></span> 
     </span>
     <span class='ocr_line' id='line_1_22' title="bbox 186 2126 1200 2212; baseline 0.001 -23"><span class='ocrx_word' id='word_1_144' title='bbox 186 2126 440 2208; x_wconf 88' lang='lat' dir='ltr'><strong>numeravimus,</strong></span> <span class='ocrx_word' id='word_1_145' title='bbox 471 2128 666 2209; x_wconf 81' lang='lat' dir='ltr'><strong>curatosque</strong></span> <span class='ocrx_word' id='word_1_146' title='bbox 692 2126 832 2208; x_wconf 85' lang='lat' dir='ltr'><strong>parietes</strong></span> <span class='ocrx_word' id='word_1_147' title='bbox 860 2126 1053 2190; x_wconf 90' lang='lat' dir='ltr'><strong>laminarum</strong></span> <span class='ocrx_word' id='word_1_148' title='bbox 1083 2126 1200 2212; x_wconf 85' lang='lat' dir='ltr'><strong>digita-</strong></span> 
     </span>
     <span class='ocr_line' id='line_1_23' title="bbox 187 2213 1199 2298; baseline 0.001 -20"><span class='ocrx_word' id='word_1_149' title='bbox 187 2215 267 2279; x_wconf 91' lang='lat' dir='ltr'><strong>lium</strong></span> <span class='ocrx_word' id='word_1_150' title='bbox 290 2214 514 2279; x_wconf 88' lang='lat' dir='ltr'><strong>crassitudine.</strong></span> <span class='ocrx_word' id='word_1_151' title='bbox 553 2213 640 2290; x_wconf 80' lang='lat' dir='ltr'><strong>Quos</strong></span> <span class='ocrx_word' id='word_1_152' title='bbox 665 2235 737 2278; x_wconf 91' lang='lat' dir='ltr'><strong>oum</strong></span> <span class='ocrx_word' id='word_1_153' title='bbox 761 2214 864 2279; x_wconf 89' lang='lat' dir='ltr'><strong>visere</strong></span> <span class='ocrx_word' id='word_1_154' title='bbox 887 2215 1012 2297; x_wconf 88' lang='lat' dir='ltr'><strong>vellem,</strong></span> <span class='ocrx_word' id='word_1_155' title='bbox 1036 2214 1199 2298; x_wconf 90' lang='lat' dir='ltr'><strong>aliquibus</strong></span> 
     </span>
    </p>
   </div>
   <div class='ocr_carea' id='block_1_4' title="bbox 184 2403 1200 3180">
    <p class='ocr_par' dir='ltr' id='par_1_8' title="bbox 184 2403 1200 3180">
     <span class='ocr_line' id='line_1_24' title="bbox 275 2403 1199 2475; baseline 0.002 -16"><span class='ocrx_word' id='word_1_156' title='bbox 275 2411 407 2460; x_wconf 67' lang='lat' dir='ltr'><strong>tenram</strong></span> <span class='ocrx_word' id='word_1_157' title='bbox 433 2406 540 2473; x_wconf 77' lang='lat' dir='ltr'><strong>scripsi.</strong></span> <span class='ocrx_word' id='word_1_158' title='bbox 574 2421 642 2458; x_wconf 82' lang='lat' dir='ltr'><strong>cura</strong></span> <span class='ocrx_word' id='word_1_159' title='bbox 666 2405 742 2460; x_wconf 79' lang='lat' dir='ltr'><strong>codd.</strong></span> <span class='ocrx_word' id='word_1_160' title='bbox 789 2403 954 2475; x_wconf 86' lang='lat' dir='ltr'><strong>decuerunt]</strong></span> <span class='ocrx_word' id='word_1_161' title='bbox 981 2404 1139 2459; x_wconf 84' lang='lat' dir='ltr'><strong>debuerunt</strong></span> <span class='ocrx_word' id='word_1_162' title='bbox 1165 2405 1199 2461; x_wconf 79' lang='lat' dir='ltr'><strong>G.</strong></span> 
     </span>
     <span class='ocr_line' id='line_1_25' title="bbox 185 2474 1199 2545; baseline 0 -16"><span class='ocrx_word' id='word_1_163' title='bbox 185 2481 203 2529; x_wconf 82' lang='lat'>4</span> <span class='ocrx_word' id='word_1_164' title='bbox 222 2481 392 2545; x_wconf 87' lang='lat' dir='ltr'><strong>acceptaque</strong></span> <span class='ocrx_word' id='word_1_165' title='bbox 406 2478 436 2531; x_wconf 91' lang='lat' dir='ltr'><strong>in</strong></span> <span class='ocrx_word' id='word_1_166' title='bbox 447 2475 555 2530; x_wconf 85' lang='lat' dir='ltr'><strong>ditione</strong></span> <span class='ocrx_word' id='word_1_167' title='bbox 567 2475 643 2530; x_wconf 91' lang='lat' dir='ltr'><strong>omni</strong></span> <span class='ocrx_word' id='word_1_168' title='bbox 655 2475 714 2529; x_wconf 90' lang='lat' dir='ltr'><strong>eius</strong></span> <span class='ocrx_word' id='word_1_169' title='bbox 727 2476 841 2544; x_wconf 81' lang='lat' dir='ltr'><strong>regione</strong></span> <span class='ocrx_word' id='word_1_170' title='bbox 854 2475 888 2532; x_wconf 75' lang='lat' dir='ltr'><strong>G.</strong></span> <span class='ocrx_word' id='word_1_171' title='bbox 916 2476 946 2528; x_wconf 87' lang='lat' dir='ltr'><strong>in</strong></span> <span class='ocrx_word' id='word_1_172' title='bbox 957 2474 1149 2531; x_wconf 72' lang='lat' dir='ltr'><strong>condicionem</strong></span> <span class='ocrx_word' id='word_1_173' title='bbox 1160 2476 1199 2529; x_wconf 88' lang='lat' dir='ltr'><strong>H.</strong></span> 
     </span>
     <span class='ocr_line' id='line_1_26' title="bbox 185 2545 1200 2616; baseline 0.001 -16"><span class='ocrx_word' id='word_1_174' title='bbox 185 2547 291 2601; x_wconf 89' lang='lat' dir='ltr'><strong>ditione</strong></span> <span class='ocrx_word' id='word_1_175' title='bbox 301 2551 361 2614; x_wconf 86' lang='lat' dir='ltr'><strong>(em.</strong></span> <span class='ocrx_word' id='word_1_176' title='bbox 373 2547 412 2616; x_wconf 94' lang='lat' dir='ltr'><strong>in)</strong></span> <span class='ocrx_word' id='word_1_177' title='bbox 420 2547 453 2601; x_wconf 88' lang='lat' dir='ltr'><strong>V.</strong></span> <span class='ocrx_word' id='word_1_178' title='bbox 481 2549 680 2616; x_wconf 87' lang='lat' dir='ltr'><strong>acceptamque</strong></span> <span class='ocrx_word' id='word_1_179' title='bbox 695 2545 725 2600; x_wconf 90' lang='lat' dir='ltr'><strong>in</strong></span> <span class='ocrx_word' id='word_1_180' title='bbox 739 2545 848 2601; x_wconf 89' lang='lat' dir='ltr'><strong>dicione</strong></span> <span class='ocrx_word' id='word_1_181' title='bbox 857 2545 1021 2615; x_wconf 86' lang='lat' dir='ltr'><strong>(indictione</strong></span> <span class='ocrx_word' id='word_1_182' title='bbox 1028 2546 1073 2614; x_wconf 87' lang='lat' dir='ltr'><strong>L.)</strong></span> <span class='ocrx_word' id='word_1_183' title='bbox 1088 2564 1200 2602; x_wconf 87' lang='lat' dir='ltr'><strong>omnem</strong></span> 
     </span>
     <span class='ocr_line' id='line_1_27' title="bbox 185 2616 1200 2687; baseline 0.002 -17"><span class='ocrx_word' id='word_1_184' title='bbox 185 2618 279 2685; x_wconf 85' lang='lat' dir='ltr'><strong>(omne</strong></span> <span class='ocrx_word' id='word_1_185' title='bbox 297 2617 345 2686; x_wconf 90' lang='grc' dir='ltr'><strong>Β.)</strong></span> <span class='ocrx_word' id='word_1_186' title='bbox 366 2617 425 2672; x_wconf 90' lang='lat' dir='ltr'><strong>eius</strong></span> <span class='ocrx_word' id='word_1_187' title='bbox 443 2618 588 2687; x_wconf 88' lang='lat' dir='ltr'><strong>regionem</strong></span> <span class='ocrx_word' id='word_1_188' title='bbox 607 2616 641 2671; x_wconf 88' lang='lat' dir='ltr'><strong>L.</strong></span> <span class='ocrx_word' id='word_1_189' title='bbox 650 2617 735 2672; x_wconf 88' lang='lat' dir='ltr'><strong><em>M.B.</em></strong></span> <span class='ocrx_word' id='word_1_190' title='bbox 775 2618 1061 2686; x_wconf 70' lang='lat' dir='ltr'><strong>epropcratoresque</strong></span> <span class='ocrx_word' id='word_1_191' title='bbox 1076 2617 1111 2671; x_wconf 80' lang='lat' dir='ltr'><strong>L.</strong></span> <span class='ocrx_word' id='word_1_192' title='bbox 1137 2634 1200 2686; x_wconf 90' lang='lat' dir='ltr'><strong>pro-</strong></span> 
     </span>
     <span class='ocr_line' id='line_1_28' title="bbox 184 2685 1200 2757; baseline 0.002 -16"><span class='ocrx_word' id='word_1_193' title='bbox 184 2688 411 2754; x_wconf 84' lang='lat' dir='ltr'><strong>posuimusL.H.</strong></span> <span class='ocrx_word' id='word_1_194' title='bbox 446 2688 612 2743; x_wconf 79' lang='lat' dir='ltr'><strong>tmultisH.</strong></span> <span class='ocrx_word' id='word_1_195' title='bbox 641 2687 717 2742; x_wconf 78' lang='lat' dir='ltr'><strong>‘Isim</strong></span> <span class='ocrx_word' id='word_1_196' title='bbox 729 2687 874 2741; x_wconf 89' lang='lat' dir='ltr'><strong>scribendo</strong></span> <span class='ocrx_word' id='word_1_197' title='bbox 884 2685 1076 2757; x_wconf 84' lang='lat' dir='ltr'><strong>multiplexH.</strong></span> <span class='ocrx_word' id='word_1_198' title='bbox 1108 2693 1141 2742; x_wconf 89' lang='lat'><strong>10</strong></span> <span class='ocrx_word' id='word_1_199' title='bbox 1151 2705 1200 2757; x_wconf 91' lang='lat' dir='ltr'><strong>po-</strong></span> 
     </span>
     <span class='ocr_line' id='line_1_29' title="bbox 184 2756 1200 2828; baseline 0.002 -18"><span class='ocrx_word' id='word_1_200' title='bbox 184 2756 232 2810; x_wconf 88' lang='lat' dir='ltr'><strong>titi</strong></span> <span class='ocrx_word' id='word_1_201' title='bbox 246 2757 496 2825; x_wconf 88' lang='lat' dir='ltr'><strong>ingentibusV.H.</strong></span> <span class='ocrx_word' id='word_1_202' title='bbox 536 2764 568 2812; x_wconf 92' lang='lat'><strong>11</strong></span> <span class='ocrx_word' id='word_1_203' title='bbox 588 2759 694 2828; x_wconf 89' lang='lat' dir='ltr'><strong>regiam</strong></span> <span class='ocrx_word' id='word_1_204' title='bbox 713 2775 811 2826; x_wconf 82' lang='lat' dir='ltr'><strong>ganam</strong></span> <span class='ocrx_word' id='word_1_205' title='bbox 821 2756 856 2810; x_wconf 88' lang='lat' dir='ltr'><strong>L.</strong></span> <span class='ocrx_word' id='word_1_206' title='bbox 876 2757 962 2812; x_wconf 89' lang='lat' dir='ltr'><strong>simus</strong></span> <span class='ocrx_word' id='word_1_207' title='bbox 972 2759 1005 2813; x_wconf 88' lang='lat' dir='ltr'><strong>L.</strong></span> <span class='ocrx_word' id='word_1_208' title='bbox 1045 2763 1076 2812; x_wconf 78' lang='grc'><strong>12</strong></span> <span class='ocrx_word' id='word_1_209' title='bbox 1096 2760 1200 2814; x_wconf 90' lang='lat' dir='ltr'><strong>addam</strong></span> 
     </span>
     <span class='ocr_line' id='line_1_30' title="bbox 185 2826 1199 2898; baseline 0.003 -17"><span class='ocrx_word' id='word_1_210' title='bbox 185 2827 296 2882; x_wconf 80' lang='lat' dir='ltr'><strong>addidit</strong></span> <span class='ocrx_word' id='word_1_211' title='bbox 314 2827 411 2882; x_wconf 79' lang='lat' dir='ltr'><strong>Scblec.</strong></span> <span class='ocrx_word' id='word_1_212' title='bbox 442 2829 580 2896; x_wconf 90' lang='lat' dir='ltr'><strong>quaedam</strong></span> <span class='ocrx_word' id='word_1_213' title='bbox 599 2830 674 2896; x_wconf 86' lang='lat' dir='ltr'><strong>novi,</strong></span> <span class='ocrx_word' id='word_1_214' title='bbox 694 2829 761 2898; x_wconf 91' lang='lat' dir='ltr'><strong>quia</strong></span> <span class='ocrx_word' id='word_1_215' title='bbox 775 2848 803 2881; x_wconf 85' lang='grc' dir='ltr'><strong>ω.</strong></span> <span class='ocrx_word' id='word_1_216' title='bbox 835 2826 973 2896; x_wconf 89' lang='lat' dir='ltr'><strong>quaedam</strong></span> <span class='ocrx_word' id='word_1_217' title='bbox 991 2845 1065 2883; x_wconf 86' lang='lat' dir='ltr'><strong>nova</strong></span> <span class='ocrx_word' id='word_1_218' title='bbox 1084 2828 1151 2897; x_wconf 90' lang='lat' dir='ltr'><strong>quia</strong></span> <span class='ocrx_word' id='word_1_219' title='bbox 1172 2829 1199 2884; x_wconf 84' lang='lat'><strong>0.</strong></span> 
     </span>
     <span class='ocr_line' id='line_1_31' title="bbox 185 2897 1200 2968; baseline 0.003 -18"><span class='ocrx_word' id='word_1_220' title='bbox 185 2897 323 2966; x_wconf 89' lang='lat' dir='ltr'><strong>quaedam</strong></span> <span class='ocrx_word' id='word_1_221' title='bbox 339 2901 442 2966; x_wconf 85' lang='lat' dir='ltr'><strong>autem,</strong></span> <span class='ocrx_word' id='word_1_222' title='bbox 458 2916 530 2967; x_wconf 89' lang='lat' dir='ltr'><strong>quae</strong></span> <span class='ocrx_word' id='word_1_223' title='bbox 544 2898 611 2954; x_wconf 89' lang='lat' dir='ltr'><strong>novi</strong></span> <span class='ocrx_word' id='word_1_224' title='bbox 621 2899 651 2953; x_wconf 94' lang='lat' dir='ltr'><strong>V.</strong></span> <span class='ocrx_word' id='word_1_225' title='bbox 666 2916 716 2954; x_wconf 83' lang='lat' dir='ltr'><strong>om.</strong></span> <span class='ocrx_word' id='word_1_226' title='bbox 725 2899 757 2953; x_wconf 91' lang='lat' dir='ltr'><strong>P.</strong></span> <span class='ocrx_word' id='word_1_227' title='bbox 778 2899 924 2967; x_wconf 88' lang='lat' dir='ltr'><strong>visumque</strong></span> <span class='ocrx_word' id='word_1_228' title='bbox 939 2902 982 2953; x_wconf 90' lang='lat' dir='ltr'><strong>est</strong></span> <span class='ocrx_word' id='word_1_229' title='bbox 995 2899 1065 2954; x_wconf 90' lang='lat' dir='ltr'><strong>mihi</strong></span> <span class='ocrx_word' id='word_1_230' title='bbox 1080 2916 1200 2968; x_wconf 87' lang='lat' dir='ltr'><strong>aequum</strong></span> 
     </span>
     <span class='ocr_line' id='line_1_32' title="bbox 186 2968 1200 3039; baseline 0.002 -17"><span class='ocrx_word' id='word_1_231' title='bbox 186 2970 216 3022; x_wconf 91' lang='lat' dir='ltr'><strong>et</strong></span> <span class='ocrx_word' id='word_1_232' title='bbox 233 2968 416 3023; x_wconf 87' lang='lat' dir='ltr'><strong>memorabile</strong></span> <span class='ocrx_word' id='word_1_233' title='bbox 431 2968 588 3024; x_wconf 87' lang='lat' dir='ltr'><strong>describere</strong></span> <span class='ocrx_word' id='word_1_234' title='bbox 596 2970 630 3024; x_wconf 92' lang='lat' dir='ltr'><strong>P.</strong></span> <span class='ocrx_word' id='word_1_235' title='bbox 653 2969 755 3038; x_wconf 90' lang='lat' dir='ltr'><strong>repleti</strong></span> <span class='ocrx_word' id='word_1_236' title='bbox 765 2986 867 3023; x_wconf 90' lang='lat' dir='ltr'><strong>sumus.</strong></span> <span class='ocrx_word' id='word_1_237' title='bbox 887 2969 942 3023; x_wconf 82' lang='lat' dir='ltr'><strong>Sed</strong></span> <span class='ocrx_word' id='word_1_238' title='bbox 951 2973 984 3024; x_wconf 87' lang='lat' dir='ltr'><strong>ut</strong></span> <span class='ocrx_word' id='word_1_239' title='bbox 993 2986 1146 3039; x_wconf 88' lang='lat' dir='ltr'><strong>cognoscas</strong></span> <span class='ocrx_word' id='word_1_240' title='bbox 1157 2986 1200 3039; x_wconf 89' lang='lat' dir='ltr'><strong>ea,</strong></span> 
     </span>
     <span class='ocr_line' id='line_1_33' title="bbox 186 3038 1200 3109; baseline 0.001 -16"><span class='ocrx_word' id='word_1_241' title='bbox 186 3040 318 3107; x_wconf 88' lang='lat' dir='ltr'><strong>quoniam</strong></span> <span class='ocrx_word' id='word_1_242' title='bbox 326 3038 396 3092; x_wconf 89' lang='lat' dir='ltr'><strong>mihi</strong></span> <span class='ocrx_word' id='word_1_243' title='bbox 404 3041 540 3095; x_wconf 87' lang='lat' dir='ltr'><strong>memoria</strong></span> <span class='ocrx_word' id='word_1_244' title='bbox 548 3040 633 3109; x_wconf 88' lang='lat' dir='ltr'><strong>digna</strong></span> <span class='ocrx_word' id='word_1_245' title='bbox 641 3057 700 3096; x_wconf 88' lang='lat' dir='ltr'><strong>essa</strong></span> <span class='ocrx_word' id='word_1_246' title='bbox 710 3039 885 3108; x_wconf 85' lang='lat' dir='ltr'><strong>videbantur,</strong></span> <span class='ocrx_word' id='word_1_247' title='bbox 894 3039 1116 3108; x_wconf 85' lang='lat' dir='ltr'><strong>quaedamenim</strong></span> <span class='ocrx_word' id='word_1_248' title='bbox 1126 3042 1200 3106; x_wconf 74' lang='lat' dir='ltr'><strong>novi,</strong></span> 
     </span>
     <span class='ocr_line' id='line_1_34' title="bbox 186 3109 1198 3180; baseline 0.004 -16"><span class='ocrx_word' id='word_1_249' title='bbox 186 3127 258 3177; x_wconf 87' lang='lat' dir='ltr'><strong>quae</strong></span> <span class='ocrx_word' id='word_1_250' title='bbox 272 3109 468 3166; x_wconf 88' lang='lat' dir='ltr'><strong>memorabilia</strong></span> <span class='ocrx_word' id='word_1_251' title='bbox 484 3111 606 3174; x_wconf 80' lang='lat' dir='ltr'><strong>fuerunt,</strong></span> <span class='ocrx_word' id='word_1_252' title='bbox 625 3127 746 3180; x_wconf 87' lang='lat' dir='ltr'><strong>aequum</strong></span> <span class='ocrx_word' id='word_1_253' title='bbox 764 3113 809 3166; x_wconf 89' lang='lat' dir='ltr'><strong>est</strong></span> <span class='ocrx_word' id='word_1_254' title='bbox 826 3111 916 3166; x_wconf 89' lang='lat' dir='ltr'><strong>visum</strong></span> <span class='ocrx_word' id='word_1_255' title='bbox 936 3112 1006 3166; x_wconf 90' lang='lat' dir='ltr'><strong>mihi</strong></span> <span class='ocrx_word' id='word_1_256' title='bbox 1025 3111 1145 3168; x_wconf 87' lang='lat' dir='ltr'><strong>seribere</strong></span> <span class='ocrx_word' id='word_1_257' title='bbox 1160 3112 1198 3168; x_wconf 89' lang='lat' dir='ltr'><strong>H.</strong></span> 
     </span>
    </p>
   </div>
   <div class='ocr_carea' id='block_1_5' title="bbox 185 3198 1200 3623">
    <p class='ocr_par' dir='ltr' id='par_1_9' title="bbox 185 3198 1200 3623">
     <span class='ocr_line' id='line_1_35' title="bbox 187 3198 1200 3268; baseline 0 -16"><span class='ocrx_word' id='word_1_258' title='bbox 187 3204 221 3252; x_wconf 79' lang='grc'><strong>14</strong></span> <span class='ocrx_word' id='word_1_259' title='bbox 239 3198 463 3266; x_wconf 86' lang='lat' dir='ltr'><strong>quattuordecim</strong></span> <span class='ocrx_word' id='word_1_260' title='bbox 483 3220 512 3253; x_wconf 84' lang='grc' dir='ltr'><strong>ω.</strong></span> <span class='ocrx_word' id='word_1_261' title='bbox 541 3199 614 3254; x_wconf 86' lang='lat' dir='ltr'><strong>XVI.</strong></span> <span class='ocrx_word' id='word_1_262' title='bbox 629 3200 669 3255; x_wconf 88' lang='lat' dir='ltr'><strong>H.</strong></span> <span class='ocrx_word' id='word_1_263' title='bbox 708 3205 740 3255; x_wconf 81' lang='lat'><strong>16</strong></span> <span class='ocrx_word' id='word_1_264' title='bbox 761 3199 885 3267; x_wconf 86' lang='lat' dir='ltr'><strong>equiturn</strong></span> <span class='ocrx_word' id='word_1_265' title='bbox 901 3198 979 3255; x_wconf 76' lang='grc' dir='ltr'><strong>ΕΡ.</strong></span> <span class='ocrx_word' id='word_1_266' title='bbox 999 3215 1049 3254; x_wconf 87' lang='lat' dir='ltr'><strong>om.</strong></span> <span class='ocrx_word' id='word_1_267' title='bbox 1064 3205 1111 3256; x_wconf 77' lang='lat' dir='ltr'><strong>cet.</strong></span> <span class='ocrx_word' id='word_1_268' title='bbox 1136 3215 1200 3268; x_wconf 89' lang='lat' dir='ltr'><strong>oap-</strong></span> 
     </span>
     <span class='ocr_line' id='line_1_36' title="bbox 186 3269 1200 3340; baseline 0.002 -19"><span class='ocrx_word' id='word_1_269' title='bbox 186 3269 235 3339; x_wconf 89' lang='lat' dir='ltr'><strong>tis]</strong></span> <span class='ocrx_word' id='word_1_270' title='bbox 247 3271 371 3338; x_wconf 86' lang='lat' dir='ltr'><strong>exceptis</strong></span> <span class='ocrx_word' id='word_1_271' title='bbox 383 3269 414 3326; x_wconf 85' lang='lat' dir='ltr'><strong>V.</strong></span> <span class='ocrx_word' id='word_1_272' title='bbox 426 3286 483 3326; x_wconf 84' lang='lat' dir='ltr'><strong>om.</strong></span> <span class='ocrx_word' id='word_1_273' title='bbox 496 3272 529 3325; x_wconf 93' lang='lat' dir='ltr'><strong>P.</strong></span> <span class='ocrx_word' id='word_1_274' title='bbox 583 3276 615 3325; x_wconf 83' lang='lat' dir='ltr'><strong>lc</strong></span> <span class='ocrx_word' id='word_1_275' title='bbox 636 3272 684 3339; x_wconf 91' lang='lat' dir='ltr'><strong>qui</strong></span> <span class='ocrx_word' id='word_1_276' title='bbox 695 3269 886 3340; x_wconf 86' lang='lat' dir='ltr'><strong>superpositas</strong></span> <span class='ocrx_word' id='word_1_277' title='bbox 897 3286 958 3323; x_wconf 89' lang='lat' dir='ltr'><strong>oum</strong></span> <span class='ocrx_word' id='word_1_278' title='bbox 970 3270 1088 3324; x_wconf 87' lang='lat' dir='ltr'><strong>armatis</strong></span> <span class='ocrx_word' id='word_1_279' title='bbox 1096 3269 1200 3324; x_wconf 87' lang='lat' dir='ltr'><strong>iacula-</strong></span> 
     </span>
     <span class='ocr_line' id='line_1_37' title="bbox 185 3338 1200 3410; baseline 0.002 -18"><span class='ocrx_word' id='word_1_280' title='bbox 185 3338 294 3392; x_wconf 88' lang='lat' dir='ltr'><strong>toribus</strong></span> <span class='ocrx_word' id='word_1_281' title='bbox 321 3343 411 3395; x_wconf 89' lang='lat' dir='ltr'><strong>turres</strong></span> <span class='ocrx_word' id='word_1_282' title='bbox 436 3343 617 3409; x_wconf 82' lang='lat' dir='ltr'><strong>gestaverant</strong></span> <span class='ocrx_word' id='word_1_283' title='bbox 642 3343 680 3398; x_wconf 92' lang='lat' dir='ltr'><strong>H.</strong></span> <span class='ocrx_word' id='word_1_284' title='bbox 722 3341 771 3409; x_wconf 91' lang='lat' dir='ltr'><strong>qui</strong></span> <span class='ocrx_word' id='word_1_285' title='bbox 796 3339 967 3410; x_wconf 86' lang='lat' dir='ltr'><strong>superpositi</strong></span> <span class='ocrx_word' id='word_1_286' title='bbox 993 3357 1056 3393; x_wconf 89' lang='lat' dir='ltr'><strong>cum</strong></span> <span class='ocrx_word' id='word_1_287' title='bbox 1081 3341 1200 3395; x_wconf 88' lang='lat' dir='ltr'><strong>armatis</strong></span> 
     </span>
     <span class='ocr_line' id='line_1_38' title="bbox 185 3407 1197 3487; baseline 0.008 -29"><span class='ocrx_word' id='word_1_288' title='bbox 185 3407 388 3487; x_wconf 74' lang='lat' dir='ltr'><strong>iaculatoribus</strong></span> <span class='ocrx_word' id='word_1_289' title='bbox 408 3412 676 3481; x_wconf 84' lang='lat' dir='ltr'><strong>(iaculatoribusque</strong></span> <span class='ocrx_word' id='word_1_290' title='bbox 691 3413 779 3480; x_wconf 56' lang='grc' dir='ltr'>ΕΒ.)</span> <span class='ocrx_word' id='word_1_291' title='bbox 799 3411 848 3479; x_wconf 91' lang='lat' dir='ltr'><strong>qui</strong></span> <span class='ocrx_word' id='word_1_292' title='bbox 861 3413 952 3466; x_wconf 88' lang='lat' dir='ltr'><strong>turres</strong></span> <span class='ocrx_word' id='word_1_293' title='bbox 967 3413 1150 3480; x_wconf 80' lang='lat' dir='ltr'><strong>gestaverant</strong></span> <span class='ocrx_word' id='word_1_294' title='bbox 1168 3431 1197 3466; x_wconf 86' lang='grc' dir='ltr'><strong>ω.</strong></span> 
     </span>
     <span class='ocr_line' id='line_1_39' title="bbox 186 3479 1198 3551; baseline 0.007 -21"><span class='ocrx_word' id='word_1_295' title='bbox 186 3491 234 3541; x_wconf 86' lang='lat' dir='ltr'><strong>qm</strong></span> <span class='ocrx_word' id='word_1_296' title='bbox 266 3479 452 3548; x_wconf 87' lang='lat' dir='ltr'><strong>superpositis</strong></span> <span class='ocrx_word' id='word_1_297' title='bbox 479 3481 680 3539; x_wconf 87' lang='lat' dir='ltr'><strong>iaculatoribus</strong></span> <span class='ocrx_word' id='word_1_298' title='bbox 708 3485 831 3539; x_wconf 88' lang='lat' dir='ltr'><strong>armatas</strong></span> <span class='ocrx_word' id='word_1_299' title='bbox 863 3485 955 3538; x_wconf 88' lang='lat' dir='ltr'><strong>turres</strong></span> <span class='ocrx_word' id='word_1_300' title='bbox 986 3483 1138 3551; x_wconf 84' lang='lat' dir='ltr'><strong>gestabant</strong></span> <span class='ocrx_word' id='word_1_301' title='bbox 1167 3482 1198 3537; x_wconf 89' lang='lat' dir='ltr'><strong>V.</strong></span> 
     </span>
     <span class='ocr_line' id='line_1_40' title="bbox 186 3545 1104 3623; baseline 0.015 -30"><span class='ocrx_word' id='word_1_302' title='bbox 186 3549 220 3594; x_wconf 81' lang='lat'><strong>20</strong></span> <span class='ocrx_word' id='word_1_303' title='bbox 238 3545 370 3618; x_wconf 88' lang='lat' dir='ltr'><strong>triginta]</strong></span> <span class='ocrx_word' id='word_1_304' title='bbox 392 3552 609 3622; x_wconf 87' lang='lat' dir='ltr'><strong>quadringentas</strong></span> <span class='ocrx_word' id='word_1_305' title='bbox 628 3555 666 3608; x_wconf 89' lang='lat' dir='ltr'><strong>H.</strong></span> <span class='ocrx_word' id='word_1_306' title='bbox 741 3559 774 3607; x_wconf 79' lang='lat'><strong>22</strong></span> <span class='ocrx_word' id='word_1_307' title='bbox 794 3553 895 3623; x_wconf 86' lang='lat' dir='ltr'><strong>visere]</strong></span> <span class='ocrx_word' id='word_1_308' title='bbox 915 3553 1046 3608; x_wconf 90' lang='lat' dir='ltr'><strong>estimare</strong></span> <span class='ocrx_word' id='word_1_309' title='bbox 1065 3553 1104 3607; x_wconf 91' lang='lat' dir='ltr'><strong>H.</strong></span> 
     </span>
    </p>
   </div>
   <div class='ocr_carea' id='block_1_6' title="bbox 0 0 1330 3934">
    <p class='ocr_par' dir='ltr' id='par_1_10' title="bbox 0 0 1330 3934">
     <span class='ocr_line' id='line_1_41' title="bbox 0 0 1330 3934; baseline 0 0"><span class='ocrx_word' id='word_1_310' title='bbox 0 0 1330 3934; x_wconf 95' lang='lat' dir='ltr'><strong> </strong></span> 
     </span>
    </p>
   </div>
  </div>
 </body>
</html>
