2648 3924
456 199 584 256 omnus
602 199 824 254 ALEXANDRI.
1080 199 1142 263 161

136 363 335 432 mensuratio
350 365 516 445 comperta
528 362 624 426 nobis
638 361 700 426 hoe
714 361 824 426 modo:
843 360 912 425 dies
928 383 1018 426 sacer
1032 382 1144 428 cum...

136 452 321 519 convivium
357 451 456 514 etiam
491 449 617 514 celebre
652 449 840 533 exhibebat,
875 449 915 513 ad
950 449 1036 533 quod
1070 471 1144 514 con-

136 540 257 605 vivium
298 541 350 602 tot
391 536 557 621 amphoris
594 538 754 621 repletum
795 558 866 602 esse
907 558 964 602 vas
1006 541 1145 604 constat.

135 628 310 692 Enimuero
339 648 396 691 vas
426 626 512 690 istud
540 627 734 709 inscalptum
763 629 833 689 erat
862 628 958 708 atque
987 626 1144 691 caelatum

135 715 305 790 navalibus
332 714 480 798 proeliis,
512 735 594 798 quae
619 713 742 778 Xerxes
771 713 856 797 apud
883 713 1170 797 Peloponnesum

135 803 338 868 militaverat.

225 889 283 955 53.
320 889 403 953 Erat
435 889 519 953 inter
550 889 608 954 illa
638 889 818 954 caelamina
849 894 882 953 et
912 890 992 954 sella
1021 890 1141 974 regalis
1160 900 1206 950 86.

136 980 261 1062 scalpta
281 979 470 1061 insertaque
489 976 578 1061 operi
603 998 640 1041 ex
664 998 752 1060 auro,
776 976 908 1042 stellata
924 977 1088 1061 lapidibus
1110 981 1144 1043 et

135 1087 174 1130 ex
200 1066 305 1150 pretio
332 1066 482 1150 insignis.
526 1065 738 1148 Impendebat
766 1070 874 1130 autem
901 1066 1001 1130 etiam
1029 1066 1143 1130 sellam

135 1154 234 1218 istam
266 1154 392 1238 vertigo
426 1153 583 1236 quaedam
618 1154 657 1217 ad
690 1153 820 1218 modum
853 1153 964 1218 mundi
995 1155 1143 1238 figurata,
1157 1175 1183 1213 1o

136 1264 233 1326 quam
260 1243 366 1325 ipsam
395 1263 521 1325 quoque
549 1263 707 1325 responsa
735 1241 794 1306 sub
823 1242 1037 1324 praesentiam
1061 1243 1143 1327 regii

135 1331 270 1413 spiritus
294 1331 371 1395 dare
394 1352 506 1394 omnes
524 1330 648 1413 pariter
672 1329 875 1395 adserebant.
911 1329 1049 1413 Propter
1067 1351 1143 1395 vero

135 1439 208 1482 eam
238 1422 288 1482 est
316 1418 380 1483 sita
407 1418 497 1501 lyrae
520 1417 620 1482 facies
648 1439 686 1482 ex
710 1422 779 1482 arte
803 1418 974 1501 eiusmodi,
1000 1421 1037 1482 ut
1062 1418 1144 1484 nihil

135 1507 280 1572 demutet
303 1506 344 1570 ab
368 1527 406 1570 ca
428 1505 515 1589 lyra,
544 1527 627 1589 quae
654 1507 698 1570 sit
721 1527 853 1588 canora,
883 1507 929 1570 sic
952 1507 1017 1571 ista
1045 1508 1144 1571 etiam

136 1594 176 1658 ad
204 1594 385 1660 canendum
411 1594 461 1657 uti
488 1595 610 1676 solent;
640 1615 717 1657 nam
747 1598 780 1657 et
809 1597 924 1676 sponte
953 1595 1143 1678 plerumque
1158 1614 1184 1654 15

136 1682 254 1766 spiritu
273 1686 395 1747 tactam
414 1703 527 1746 canere
545 1682 629 1746 hanc
643 1681 750 1766 lyram
768 1686 935 1746 noverant.
966 1682 1011 1747 Et
1028 1682 1144 1746 iuxtim

135 1772 256 1836 viseres
280 1770 383 1834 veluti
406 1770 535 1835 thecam
559 1771 746 1853 poculorum
771 1770 908 1834 sedecim
932 1770 1050 1835 cubitis
1078 1792 1143 1834 ere·

136 1863 234 1942 ctam,
263 1880 423 1942 supraque
447 1880 518 1922 eam
542 1860 671 1922 thecam
694 1861 882 1945 congestam
905 1859 1048 1944 effigiem
1072 1859 1143 1922 alti-

136 1947 258 2011 tudinis
286 1968 343 2029 per
365 1946 475 2012 cubita
497 1948 666 2032 octoginta
693 1969 757 2012 una
784 1969 859 2011 cum
882 1948 1036 2030 gradibus
1059 1951 1144 2012 octo·

137 2036 238 2119 ginta
279 2035 331 2099 Ibi
354 2035 483 2100 demum
507 2039 540 2099 et
562 2036 636 2101 fons
655 2035 749 2100 fictus
773 2039 833 2120 est,
856 2039 889 2101 et
913 2036 1022 2118 aquila
1046 2057 1144 2099 aurea
1157 2057 1184 2096 ao

136 2124 373 2207 supersistebat
405 2123 485 2188 adeo
516 2124 662 2207 effigiata
693 2124 841 2205 daedale,
872 2126 910 2187 ut
938 2124 1051 2208 pansis
1084 2123 1144 2188 alis

136 2232 265 2276 omnem
295 2211 385 2275 illius
416 2212 524 2294 operis
556 2213 716 2277 ambitum
746 2214 880 2295 tegeret
931 2210 1080 2293 Namque
1112 2215 1146 2274 et

137 2299 267 2364 arbores
297 2300 441 2383 scalptae
470 2303 504 2362 et
529 2301 630 2383 myrti
660 2300 819 2382 quaedam
847 2319 996 2364 ramosae
1024 2297 1144 2362 ibidem

136 2387 349 2470 notabantur,
379 2409 493 2452 omnes
522 2389 605 2452 istae
635 2388 675 2453 de
704 2408 792 2452 auro.
842 2385 948 2450 Multa
977 2391 1145 2470 praeterea

136 2474 204 2539 illic
226 2475 323 2559 fuere,
347 2498 429 2559 quae
448 2477 600 2560 quoniam
622 2497 724 2558 neque
748 2474 965 2540 abundantiae
989 2496 1066 2539 suae
1089 2494 1142 2538 ne·
1157 2496 1183 2536 aa

137 2584 199 2647 que
235 2564 471 2648 magnitudinis
507 2564 643 2647 pretiive
680 2565 775 2628 facile
811 2562 1005 2640 offenderint
1039 2561 1144 2645 fidem,

137 2653 605 2824 ⁰²³⁸t⁰dtt⁰dlttss¹lh
620 2650 845 2824 luetati.
863 2739 1076 2805 ..aneas
1112 2745 1196 2800 xxx.

136 2826 205 2910 der,
230 2829 347 2891 mirum
372 2832 560 2912 portentum
583 2832 680 2913 atque
705 2829 836 2894 evidens
861 2828 901 2892 ad
927 2829 1048 2893 exitum
1073 2828 1145 2893 fuit.
1162 2832 1208 2882 87.

134 2914 293 2980 Nuntiata
312 2917 430 3000 quippe
449 2920 499 2980 est
521 2918 636 2983 mulier
653 2917 777 2982 foetum
797 2917 955 2982 eiusmodi
972 2917 1184 3001 peperissem

225 3059 239 3105 1
259 3052 306 3108 die
324 3053 395 3108 sacri
412 3055 448 3109 A.
477 3061 541 3123 post
560 3056 646 3110 ‘cum’
668 3057 775 3123 aliquid
793 3057 924 3111 excidisse
941 3056 1063 3109 videtur:
1085 3069 1144 3106 car·
1219 3083 1222 3089 ·

134 3121 305 3178 taminibus?
329 3125 371 3179 cel
396 3128 543 3193 ageretur?
620 3125 765 3180 tcelebre
791 3142 860 3180 corr.
886 3141 919 3180 cc
944 3123 1086 3178 celebrare
1108 3125 1144 3179 A.

136 3197 153 3245 ὅ
171 3194 392 3263 peloponensum
410 3196 486 3251 ΑΡ.

225 3264 274 3320 53.
289 3268 364 3318 14ut
373 3267 409 3319 ab
417 3265 558 3332 ealyraA.
574 3279 645 3333 quae
654 3265 677 3318 si
685 3281 799 3319 canora:
814 3264 854 3318 sic
861 3264 946 3318 istam
953 3264 1039 3318 etiam
1046 3263 1145 3331 spiritu

134 3335 242 3388 tactam
256 3336 399 3392 cauereP.
437 3341 470 3389 15
486 3337 578 3390 solent
587 3335 659 3389 Mai.
677 3336 750 3389 solet
758 3334 795 3390 A.
833 3341 866 3390 16
883 3333 994 3402 spiritui
1006 3337 1099 3387 aotam
1108 3333 1144 3388 A.

137 3410 170 3457 17
184 3405 288 3460 viseres
298 3407 333 3460 A.
353 3408 427 3461 vires
437 3406 472 3461 P.
511 3411 543 3461 1⁷
557 3405 725 3476 populorum
733 3406 768 3459 P.
805 3411 840 3458 20
854 3405 950 3472 aquila
957 3403 992 3459 A.
1007 3404 1103 3472 aliqua
1110 3404 1144 3458 P.

73 3515 86 3534 .
225 3474 274 3532 54.
297 3481 332 3530 28
358 3491 376 3530 a
398 3475 554 3545 Babylonio
578 3476 637 3530 iam
661 3476 706 3530 ret
731 3476 765 3533 P.
802 3475 985 3545 Babyloniam
1009 3475 1063 3530 iret
1087 3475 1144 3529 Mr.

135 3550 169 3598 29
189 3543 291 3600 mirum
310 3549 340 3601 et
357 3549 520 3616 portentum
530 3547 565 3602 A.
585 3547 701 3602 exitium
711 3546 747 3602 A.
788 3551 824 3602 30
841 3545 974 3601 fetumP.
993 3546 1098 3601 factum
1109 3547 1145 3599 A.

188 3642 275 3684 Iunius
288 3644 423 3686 Vacemus.
953 3640 985 3688 11
