2648 3924
173 229 237 296 158
590 233 699 288 LIBER
716 232 763 288 III.

172 393 333 458 foramine
355 417 413 476 per
437 417 566 460 omnem
594 396 840 461 crassitudinem
870 395 1052 479 elaborato,
1080 418 1184 482 neque

172 481 353 547 claudicare
380 482 477 547 fidem
505 484 728 549 crassitudinis
752 484 825 568 'eius
855 484 973 550 inveni.
1019 482 1080 549 Sed
1110 507 1185 552 cum

173 591 343 634 cavernam
367 570 459 636 illam
483 574 607 656 replere
629 573 820 658 religiosum
844 571 924 636 mihi
948 573 1118 653 videretur,
1144 575 1183 639 ad

172 658 432 742 supplementum
456 662 524 724 eius
545 661 731 746 quingentis
755 662 825 725 auri
847 661 982 724 talentis
1006 683 1087 744 opus
1111 662 1181 726 fuit.

145 766 158 808 5
263 745 319 814 ὅθ.
334 746 430 812 'Hinc
449 769 526 833 ergo
545 771 603 832 per
622 749 750 814 deserta
772 749 943 813 redeuntes
969 749 1073 813 multa
1090 772 1180 832 prae·
1199 761 1241 816 82

172 838 270 919 rupta
294 835 452 900 eiusmodi
471 837 644 902 incidimus
663 839 744 920 loca,
768 859 849 922 quae
869 838 1003 901 obsessa
1021 839 1183 903 crassiori·
1247 891 1251 900 .

172 923 233 987 bus
263 923 405 989 nubibus
436 926 643 992 nebulosisve
670 947 800 990 omnem
830 925 963 990 omnino
994 925 1183 1009 adspectum

171 1011 297 1076 homini
321 1013 522 1078 sustulerant
549 1036 587 1080 ac
615 1014 687 1078 diei.
734 1013 865 1094 Septem
895 1013 1031 1097 denique
1060 1012 1184 1078 dierum

171 1099 288 1164 itinere
315 1123 373 1183 per
400 1101 460 1165 has
483 1103 632 1166 tenebras
667 1103 834 1167 exanclato
868 1102 1001 1166 tandem
1029 1101 1183 1166 Thermo-

132 1207 157 1247 ιο
172 1188 264 1253 donti
283 1190 529 1272 supervenimus
552 1191 678 1255 flumini
700 1191 787 1254 haud
810 1192 959 1274 cuiquam
983 1190 1120 1254 secundo
1145 1211 1183 1253 ex

171 1277 404 1360 magnitudine,
429 1279 485 1343 sed
508 1280 594 1343 enim
614 1301 672 1362 per
690 1280 790 1361 plana
813 1283 846 1344 et
870 1279 1005 1362 opipara
1024 1278 1096 1343 loca
1115 1300 1183 1342 ma

171 1385 236 1449 gno
266 1365 396 1449 agmine
419 1368 619 1452 pervaganti.
663 1365 802 1451 Propter
828 1366 914 1431 hunc
941 1365 1183 1431 Thermodonta

171 1473 272 1537 genus
291 1455 493 1519 Amazonum
513 1456 600 1536 colit,
623 1457 775 1519 mulieres
794 1455 1016 1538 magnitudine
1036 1456 1182 1537 corporis

170 1542 292 1624 pariter
311 1564 347 1606 ac
367 1543 607 1626 pulchritudine
626 1547 734 1608 cetera
751 1544 921 1608 hominum
936 1563 1056 1627 genera
1075 1564 1183 1625 super-

132 1633 292 1713 avectae,
311 1632 447 1696 amictae
465 1655 552 1716 vero,
571 1633 660 1696 utin
680 1631 814 1715 picturis
834 1634 884 1695 est
902 1632 1005 1695 visere
1025 1631 1180 1695 unimam-

171 1741 250 1802 mas,
274 1722 309 1782 et
331 1721 436 1784 omnis
458 1720 548 1786 hisee
572 1721 673 1784 ferme
697 1720 835 1784 amictus
859 1722 909 1783 est
932 1741 1023 1783 arma
1046 1719 1096 1783 vel
1119 1719 1183 1783 fer-

171 1829 252 1872 rum.
289 1806 395 1891 Igitur
419 1830 492 1872 eum
515 1809 603 1873 haud
625 1809 738 1892 procul
761 1808 813 1872 his
838 1828 1015 1891 ageremus,
1038 1808 1182 1890 ipsarum

171 1894 299 1978 quidem
327 1895 426 1978 potiri
452 1897 538 1962 haud
565 1896 658 1961 facile
687 1899 769 1979 erat,
798 1900 968 1979 utrumque
991 1901 1183 1960 nostruma

171 2003 349 2067 congressu
391 1985 614 2068 magnitudine
656 1985 798 2049 fluminis
840 1983 1049 2066 dispesoente.
1120 1981 1183 2048 Sed

130 2074 300 2153 repraeter
329 2071 418 2136 illius
447 2093 564 2156 agmen
589 2073 712 2137 bestiae
737 2093 864 2156 quoque
891 2071 1066 2137 nonnullae
1089 2093 1182 2154 aspe-

169 2158 347 2243 ritatesque
366 2160 597 2245 impedimento
613 2165 714 2226 erant.
742 2163 787 2226 At
806 2161 892 2224 enim
912 2161 1077 2241 comperto
1096 2158 1183 2242 illae,

170 2247 255 2332 quod
288 2253 412 2314 ceterae
445 2272 571 2334 quoque
604 2248 785 2314 Amazones
819 2249 857 2312 de
889 2251 1003 2312 nostra
1037 2246 1182 2312 amicitia

165 2340 383 2421 cooptassent,
405 2340 496 2421 ipsae
516 2339 615 2404 etiam
634 2338 769 2423 periculi
788 2359 918 2403 causam
938 2337 1030 2401 donis
1050 2336 1181 2400 anobis

170 2428 202 2488 et
226 2425 390 2509 obsequiis
413 2427 629 2492 redemerunt.

129 2531 156 2572 aa
260 2511 319 2578 51.
343 2513 488 2601 Itemque
507 2515 649 2579 indidem
669 2513 708 2578 ad
723 2513 870 2578 Rubrum
889 2533 977 2576 mare
996 2513 1084 2576 veni·
1117 2517 1247 2576 XXVIII.
1317 2477 1319 2620 Ι

169 2623 249 2686 mus,
274 2624 412 2685 quorum
430 2605 576 2669 locorum
595 2603 705 2667 dextra
724 2601 852 2688 quidem
871 2601 1053 2684 perceperis
1071 2601 1180 2664 inviis-
1200 2603 1248 2658 83.
1317 2621 1319 2674 I

169 2709 229 2771 que
253 2691 419 2755 montibus
443 2697 530 2755 recta
554 2695 613 2774 est,
635 2691 728 2755 laeva
746 2711 821 2755 vero
845 2688 927 2752 mari
946 2687 1058 2753 Rubro
1082 2688 1181 2752 latius

169 2776 249 2840 fusa.
294 2777 365 2843 lllie
388 2783 497 2843 tamen
520 2780 615 2844 factis
634 2777 789 2862 Neptuno
814 2777 913 2841 sacris
937 2776 1178 2860 immolatisque

257 3027 271 3073 1
292 3021 449 3076 elaboratIo
468 3022 503 3076 A.
577 3028 593 3075 3
612 3021 720 3090 replere
739 3021 775 3076 A.
803 3019 910 3088 repelle
929 3020 960 3073 P.

256 3091 304 3147 50.
324 3097 340 3144 5
359 3091 501 3147 redeuntis
520 3091 665 3160 multaque
678 3092 712 3145 P.
750 3091 935 3145 tineidimus
954 3090 1047 3146 orraP.
1086 3096 1179 3145 'Iom-
1315 3051 1317 3210 Ι

166 3178 231 3215 nem
249 3177 299 3216 om.
315 3163 348 3216 P.
391 3161 696 3218 ahominisMaiMr.
716 3162 773 3217 diei
787 3178 837 3216 om.
851 3162 885 3217 P.
923 3159 1133 3216 9therindonti
1143 3161 1178 3215 A.

167 3233 337 3286 termodonti
346 3233 380 3286 P.
419 3239 450 3286 11
471 3232 608 3303 oppipare
616 3235 649 3288 P.
683 3239 715 3287 12
734 3234 903 3302 pervaganti
912 3233 985 3286 Mai.
1005 3235 1181 3300 pervagante

167 3302 242 3355 A.P.
269 3304 449 3359 termodonta
466 3306 501 3357 A.
580 3310 612 3357 16
627 3310 691 3373 post
712 3303 824 3358 ‘omnis’
845 3304 877 3358 ia
895 3303 1019 3373 margine
1036 3303 1180 3372 suppletur

168 3371 330 3425 exercitatio
353 3375 385 3427 P.
413 3373 456 3429 his
477 3374 511 3428 P.
540 3374 659 3428 amictus
678 3391 728 3429 om.
750 3375 784 3428 P.
832 3379 863 3427 17
883 3373 983 3442 procul
1001 3390 1063 3427 cum
1082 3372 1126 3425 hia
1146 3374 1179 3428 P.

169 3444 200 3492 19
220 3440 394 3508 dispesoente
416 3445 449 3499 P.
478 3443 661 3513 dispertiente
680 3446 715 3498 A.
788 3449 822 3497 20
841 3446 1008 3511 praeterque
1027 3444 1101 3498 A.P.

255 3509 303 3564 51.
324 3517 358 3565 25
377 3513 478 3568 rubum
497 3516 529 3569 P.
592 3520 626 3569 26
645 3532 695 3582 per
713 3530 827 3583 asperos
846 3513 994 3582 inviosque
1013 3516 1122 3567 montes
1144 3513 1178 3568 P.

187 3581 201 3618 ⁷
221 3577 303 3631 laeva
321 3595 387 3647 ergo
399 3583 429 3635 P.
471 3588 505 3636 28
524 3583 613 3639 Verba
633 3585 706 3638 ‘lllie
720 3615 754 3625 -
770 3588 856 3649 159‚a
875 3584 1054 3652 repedemus'
1074 3599 1125 3638 om.
1146 3584 1179 3640 P.
