2648 3924
490 231 605 289 sorus
623 233 849 290 Anaxauoar.
1025 280 1028 286 .
1121 233 1164 300 89

154 397 195 463 sd
224 395 380 461 ultionem
412 417 510 481 quam
540 395 582 460 ad
603 397 866 463 'misericordiam
899 401 996 482 queat
1026 397 1166 464 flectere.

152 485 229 551 Non
251 485 352 571 igitur
375 484 454 549 adeo
477 487 645 568 pertaesos
670 484 746 551 deos
771 486 863 572 regni
887 487 951 550 mei
975 489 1008 551 et
1031 486 1164 552 orientis

154 575 206 640 sui
229 595 298 639 esse
322 573 408 638 sedis
432 573 597 658 existimo,
624 577 662 638 ut
688 573 730 638 ad
759 575 892 640 occidua
913 578 1021 640 tecum
1043 575 1165 659 pariter

154 661 326 748 migraturi
345 662 419 727 sint
458 659 547 737 Quos
571 682 632 747 ego
654 665 765 743 [testes]
786 663 870 730 facio
889 663 1024 748 iureque
1047 663 1165 727 ultioni

152 773 244 817 meae
267 751 394 816 debitae
417 771 484 815 non
507 748 683 816 defuturos.
727 750 781 816 An
808 755 846 818 tu
870 756 966 837 putas
990 753 1109 818 seruire
1131 756 1193 816 tes

153 840 235 906 mihi
258 839 376 905 artifici
403 840 468 905 isto
491 838 662 925 obsequio,
690 839 778 925 quod
804 842 902 905 matri
930 840 1099 926 coniugire
1128 861 1165 905 ec

153 929 265 994 liberis
289 928 370 993 meis
390 928 531 993 clemens
555 926 612 993 es?
652 927 811 1012 Equidem
830 933 909 1013 puto
928 932 1066 994 matrem
1084 928 1167 993 milri

153 1019 188 1083 in
201 1017 278 1082 deos
296 1016 412 1101 abisse,
430 1016 518 1082 filios
538 1037 614 1082 vero
632 1038 692 1082 nec
711 1022 878 1101 susceptos
893 1018 1024 1102 quidem
1037 1016 1167 1099 habere,

154 1128 215 1172 nec
234 1105 405 1190 coniugem
423 1104 586 1170 habuisse.
623 1103 708 1182 Quin
727 1109 834 1192 magis
853 1106 963 1172 omnia
980 1107 1062 1171 haee
1080 1105 1166 1170 ferro

155 1199 189 1260 et
211 1194 356 1260 vindicta
383 1197 609 1278 persecuturus
638 1215 718 1261 sum.
765 1192 892 1278 Quippe
921 1195 948 1260 si
977 1194 1099 1260 faceres
1129 1216 1166 1259 ac
1180 1219 1208 1260 ro

154 1283 256 1350 velles
287 1304 399 1348 eorum
427 1281 564 1366 aliquid,
596 1282 681 1366 quod
711 1283 897 1349 iracundiae
926 1304 1016 1349 meae
1045 1282 1167 1348 mederi

153 1372 328 1458 potuisset,
355 1371 425 1455 ipse
454 1370 494 1436 ad
522 1393 573 1435 me
602 1371 737 1454 supplex
764 1372 890 1437 uenires
919 1393 958 1438 ac
983 1372 1167 1457 poenitens,

154 1462 241 1527 foret
260 1461 356 1544 enim,
379 1462 416 1524 ut
432 1462 578 1525 uertente
601 1460 642 1524 ad
660 1461 788 1526 veniam
808 1461 918 1525 animo
940 1461 992 1526 his
1016 1464 1050 1525 te
1068 1461 1169 1524 hono-

155 1551 246 1616 ribus
273 1568 559 1633 prosequeremur,
591 1548 709 1634 quibus
739 1552 771 1612 te
801 1548 864 1612 diis
894 1552 1069 1633 aequatum
1099 1569 1169 1612 esse

155 1636 365 1724 gratularere.
411 1636 505 1714 Quod
528 1636 557 1701 si
579 1657 646 1702 non
668 1635 778 1720 facias,
802 1658 879 1702 sane
903 1638 1043 1720 saevias,
1067 1658 1166 1720 quan·
1181 1659 1208 1700 15

155 1731 226 1791 tum
249 1726 393 1810 libuerit,
420 1726 456 1789 in
478 1746 577 1791 meos.
622 1723 736 1810 Neque
760 1726 847 1791 enim
876 1731 982 1791 mater
1009 1728 1066 1790 aut
1094 1746 1168 1790 con·

155 1815 212 1879 iux
234 1835 337 1899 neque
363 1814 456 1879 liberi
484 1813 590 1878 habiti
613 1813 802 1879 clementius
826 1814 867 1879 ad
890 1813 1168 1879 mansuetudinem

157 1925 209 1968 me
231 1907 477 1988 praevenerunt.
523 1901 633 1968 Habes
661 1902 764 1988 igitur
791 1903 945 1968 mandata
968 1902 1047 1970 haec
1071 1905 1169 1987 atque

156 2012 321 2076 suprema,
351 1990 560 2075 respondeto,
585 1990 672 2076 quod
697 1992 799 2074 voles,
830 1993 1030 2076 alterumque
1056 1995 1169 2076 optato

155 2083 208 2146 vel
232 2083 432 2165 exspectato,
455 2078 489 2144 id
512 2084 563 2144 est
583 2080 712 2145 veniam
735 2079 814 2144 mali
838 2103 879 2145 an
902 2078 1062 2164 poenam?
1183 2104 1212 2146 so

245 2167 335 2234 Haec
360 2190 432 2234 cum
455 2168 573 2234 laetior
595 2167 782 2233 Alexander
805 2169 948 2233 audisset
972 2169 1102 2252 suisque
1124 2169 1170 2232 le-

157 2259 269 2344 gisset,
287 2258 358 2342 ipse
375 2277 504 2343 quoque
517 2257 695 2340 respondit,
713 2278 781 2322 non
800 2258 906 2322 minus
927 2257 989 2322 sibi
1003 2261 1169 2342 pertaesos
1263 2327 1268 2338 ,

159 2368 230 2412 esse
244 2346 503 2430 vaniloquentias
523 2349 556 2410 et
573 2344 747 2411 iactantiae
766 2344 908 2428 barbari,
927 2366 1024 2429 quam
1040 2366 1171 2430 sperare

156 2436 250 2501 illum
282 2434 346 2500 diis
379 2455 507 2519 quoque
538 2433 666 2499 infestis
699 2433 779 2498 haec
811 2432 931 2517 dicere,
963 2434 1082 2518 quippe
1115 2432 1171 2516 qui

158 2526 278 2589 timens
303 2526 336 2588 et
358 2532 447 2587 metu
469 2521 612 2607 percitus
635 2521 855 2587 constantiam
877 2521 984 2587 verbis
1008 2521 1170 2586 inconsul-
1184 2545 1212 2587 ss

158 2613 298 2678 tioribus
321 2612 474 2697 fingeret,
500 2631 614 2675 verum
641 2614 754 2695 ageret
779 2609 849 2675 rem
876 2609 1032 2675 timentis.
1078 2608 1172 2686 Quod

159 2721 237 2787 ergo
261 2700 406 2766 adfectus
426 2699 494 2764 eius
518 2719 693 2784 eorumque
710 2699 927 2765 reverentiam
949 2702 1082 2783 spectet,
1104 2719 1173 2776 non

158 2789 261 2855 Dario
288 2787 382 2870 illud,
413 2789 468 2853 sed
496 2789 660 2853 communi
689 2787 886 2862 humanitati
914 2788 1083 2872 praestari.
1130 2785 1172 2852 Se

157 2883 269 2944 tamen
288 2878 437 2962 protinus
462 2877 632 2961 adipsum
655 2898 726 2942 esse
744 2880 926 2961 venturum,
949 2877 1046 2943 modo
1070 2877 1099 2941 si
1118 2874 1172 2939 ad·

160 2971 278 3033 ventus
301 2966 355 3030 ille
375 2966 490 3032 ceteris
510 2964 620 3031 Persis
639 2967 791 3050 placeret,
814 2965 930 3052 quibus
949 2966 1061 3049 utique
1080 2983 1171 3047 prae·
1185 2980 1213 3030 so

159 3057 258 3120 terito
291 3056 510 3139 experimenta
542 3053 751 3139 displiceant3
785 3076 883 3138 quare
922 3076 941 3118 a
978 3075 1013 3119 se
1045 3071 1173 3136 quoque
1224 3061 1228 3070 '

250 3324 266 3372 3
286 3332 347 3372 esse
371 3316 445 3372 sedis
468 3316 526 3371 Mr.
563 3329 593 3385 se
611 3317 690 3371 sedes
714 3316 747 3371 P.
786 3315 860 3369 sedis
883 3315 967 3370 deleri
989 3313 1048 3368 cult
1070 3312 1172 3369 Eberb.

160 3391 284 3444 ttestes
303 3389 367 3444 odd.
378 3388 435 3442 Mr.
479 3392 495 3440 8
514 3388 618 3443 habere
629 3386 728 3442 Scblee.
748 3385 838 3441 habeo
849 3386 882 3440 P.
925 3389 958 3439 10
976 3385 1173 3454 persecuturus

160 3462 268 3531 scripsi.
296 3461 511 3529 prosecuturum
531 3458 565 3513 P.
613 3458 816 3524 musquetum
836 3456 937 3511 Eberb.
966 3455 1117 3524 equantum
1138 3453 1172 3508 P.

162 3536 196 3586 18
214 3531 420 3601 praevenerunt
438 3529 471 3584 P.
495 3529 699 3598 praeverterint
716 3528 818 3584 Eberb.
873 3532 906 3582 27
926 3542 1077 3596 eorumque
1095 3540 1173 3581 reve·

159 3602 280 3657 rentiam
299 3600 356 3658 Mr.
385 3617 481 3656 eorum
499 3598 657 3655 reverentia
676 3600 708 3655 P.
