2622 3932
381 212 497 268 PRIMA
515 211 718 269 ansronsm
738 214 894 274 DINDIMI.
1080 216 1143 281 175

131 376 252 440 functis
275 375 387 440 necin
407 375 579 459 gemmatis
597 375 687 440 urnis
710 376 824 440 funera
847 378 1017 442 combusta
1035 400 1144 446 recon-

131 465 246 530 dimus.
285 463 378 540 Quod
400 484 466 528 non
489 463 606 528 honori
628 463 737 546 potius
756 465 909 548 duxerim,
934 467 988 530 sed
1012 489 1144 550 poenae.

132 553 216 630 Quid
240 552 326 616 enim
349 551 564 616 miserabilius
588 551 640 615 his
665 552 807 633 ossibus,
834 575 979 636 quaene
1002 556 1144 639 genitrix

131 646 221 706 terra
244 639 484 723 complectenda
505 640 641 723 recipiat
664 642 932 706 concremantur?

221 726 284 793 Sed
302 728 382 792 haec
400 730 510 792 vestra
529 731 604 792 sunt
622 733 819 812 argumenta.
852 728 879 793 Ο
899 730 1038 815 divitiae,
1058 752 1168 815 quaes

131 839 190 883 nec
215 817 398 880 satietatem
421 817 605 881 viventibus
633 817 838 882 concessistis
867 821 899 882 et
926 819 1064 883 mortuis
1093 842 1143 884 su·

130 926 279 990 premam
302 903 446 988 requiem
466 901 654 970 sustulistis
690 905 827 986 Invenit,
850 909 888 970 ut
909 906 1011 988 video,
1034 911 1143 972 vester

130 993 222 1058 furor
249 995 283 1056 in
306 993 454 1057 homines
484 996 615 1077 etpost
637 992 720 1077 fata,
748 993 834 1076 quod
862 996 1021 1077 torqueat.
1066 995 1142 1060 Non

130 1082 217 1145 enim
237 1081 343 1144 sinitis
363 1080 488 1164 gremio
515 1102 573 1144 suc
596 1080 896 1146 tellurem·cineres
918 1082 1038 1166 fovere,
1061 1106 1141 1167 quos

117 1169 246 1252 edidit,
273 1170 349 1233 dum
377 1168 530 1232 munifica
558 1169 664 1251 specie
687 1170 862 1234 ministerii
884 1170 1058 1236 iucundam
1081 1172 1139 1235 mi·
1156 1195 1183 1233 10

131 1258 211 1322 seris
243 1257 368 1340 eripitis
399 1256 607 1340 sepulturam.
653 1255 791 1322 Discunt
819 1258 983 1342 homines,
1014 1261 1142 1343 qualem

130 1345 385 1411 vicissitudinem
411 1344 611 1409 amatoribus
630 1345 791 1409 exhibetis
810 1346 937 1413 vestris.
974 1347 1042 1412 Vos
1062 1348 1142 1412 estis

130 1435 292 1499 malorum
320 1433 465 1498 omnium
494 1455 591 1498 causa
618 1433 821 1499 mortalibus.
870 1434 939 1499 Vos
966 1434 1080 1500 Asiam
1110 1441 1143 1501 et

131 1521 269 1606 Libyam
287 1521 441 1586 brevibus
460 1521 608 1586 concludi
626 1521 747 1586 finibus
766 1523 947 1589 affirmatis.
976 1524 1044 1589 Vos
1064 1525 1143 1588 solis

132 1613 274 1674 meatum
304 1608 466 1692 trepidare
496 1609 621 1693 facitis,
653 1610 729 1674 dum
762 1632 873 1675 cursus
905 1611 954 1675 sui
983 1614 1139 1678 terminos
1154 1633 1180 1674 1s

133 1698 231 1761 armis
255 1696 406 1780 disquirit
429 1696 623 1763 Alexander.
668 1697 736 1763 Vos
760 1698 951 1764 Tartareum
978 1701 1142 1765 custodem

133 1785 233 1868 sopiri
263 1806 357 1867 posse
387 1787 491 1868 pretio
522 1781 740 1871 suggessistis.
786 1786 855 1853 Vos
889 1789 999 1853 omnia
1030 1810 1143 1853 consu-

133 1875 259 1938 mentes
283 1872 407 1938 vultum
432 1896 558 1958 semper
582 1874 724 1939 ieiunum
749 1875 871 1959 geritis.
908 1875 976 1941 Vos
1000 1876 1071 1960 pias
1090 1899 1143 1961 pa·

132 1966 218 2027 trum
242 1961 370 2025 dextras
388 1966 540 2027 natorum
558 1963 679 2048 iugulis
700 1965 893 2029 scelerastis.
931 1965 999 2030 Vos
1023 1966 1056 2030 in
1075 1988 1141 2030 ma·

131 2054 260 2116 ternum
283 2050 488 2116 concubitum
512 2053 710 2117 verecundos
734 2052 866 2118 iuvenes
890 2053 961 2136 ipso
984 2052 1142 2138 Cupidine
1156 2075 1182 2115 10

132 2142 282 2223 stupente
306 2138 453 2203 duxistis.
488 2137 557 2204 Vos
581 2140 615 2202 in
636 2141 821 2223 superbiam
839 2161 933 2223 reges
952 2141 1143 2206 mitissimos

132 2221 303 2310 incitastis,
322 2226 439 2310 quibus
459 2248 532 2292 cum
550 2232 710 2292 terrarum
730 2229 836 2311 spatia
850 2228 981 2292 minime
996 2229 1142 2293 sufficere

134 2314 285 2398 suadetis,
303 2315 370 2398 poli
388 2336 541 2398 quaerere
560 2317 650 2380 sedes
666 2315 853 2380 hortamini.
880 2314 971 2380 Licet
988 2337 1047 2380 nec
1066 2317 1143 2381 deos

132 2406 259 2468 vestros
283 2403 389 2468 morbi
409 2403 597 2468 dimiseritis
621 2408 775 2469 exsortes.
811 2403 896 2468 Nam
921 2407 954 2467 et
974 2425 1033 2487 per
1055 2405 1143 2486 ipsos

132 2491 273 2555 nefanda
300 2491 513 2556 committitis.
559 2490 672 2556 Testes
701 2496 776 2556 sunt
802 2491 926 2576 Iupiter
953 2496 986 2555 et
1013 2491 1142 2556 Proser·
1157 2513 1182 2553 11

132 2579 219 2662 pina,
243 2578 298 2643 ille
317 2579 401 2662 quod
419 2579 571 2663 pudicam
594 2581 760 2644 mulierem
783 2579 900 2643 fefellit
924 2583 1063 2664 auratus,
1086 2581 1143 2645 illa

134 2668 220 2751 quod
243 2667 351 2731 vivum
376 2689 493 2751 corpus
516 2668 550 2731 in
574 2669 746 2732 Tartarum
768 2689 836 2732 non
859 2667 954 2731 aliter
976 2669 1040 2731 nisi
1064 2690 1142 2733 auro

222 2935 236 2982 1
256 2927 433 2982 recondimus
452 2929 489 2985 R.
514 2929 695 2984 convehimus
715 2930 749 2984 B.
776 2946 826 2984 om.
846 2930 880 2986 L.
888 2930 921 2986 P.
929 2930 960 2985 V.
1007 2934 1023 2983 2
1042 2929 1142 2984 honori

131 3000 165 3054 L.
174 2998 246 3054 VR.
273 2999 386 3053 honoris
408 3000 483 3054 Ρ.Β.
512 3000 636 3054 duxerim
656 3001 690 3055 R.
716 3001 832 3054 dixerim
853 3006 899 3055 cet.
954 3000 1036 3070 3110]
1056 3001 1088 3052 ut
1106 2999 1141 3053 R.

130 3069 225 3124 nch.
263 3068 477 3125 comanis.
515 3069 610 3124 8fata
623 3071 700 3126 RB.
720 3070 919 3126 factaLVP.
948 3070 1023 3140 quod
1041 3069 1141 3125 om.L.

134 3146 166 3194 12
183 3139 356 3194 amatoribus
368 3140 399 3194 V.
406 3140 440 3195 R.
461 3141 602 3196 amoribus
613 3147 659 3196 cet.
689 3141 844 3196 exhibeatis
855 3142 890 3196 B.
929 3148 961 3194 13
976 3140 1141 3194 mortalibus

135 3209 207 3266 VB.
227 3211 389 3265 mortalium
403 3218 450 3266 cet.
488 3216 521 3265 14
539 3210 682 3294 brevibus]
698 3211 823 3282 angustis
836 3212 867 3266 V.
906 3217 937 3264 15
958 3211 1012 3279 sui]
1032 3209 1091 3263 eius
1105 3210 1141 3263 R.

134 3286 167 3335 19
186 3282 284 3350 iugulo
303 3281 338 3335 R.
430 3281 545 3350 2011100
564 3282 641 3337 ΒΕ.
673 3299 735 3350 ipsa
754 3289 799 3336 cet.
891 3287 923 3336 21
945 3281 1088 3349 stupentes
1107 3281 1141 3336 L.

132 3357 166 3405 22
187 3349 290 3420 quihus
306 3354 468 3407 cunctarum
484 3352 576 3422 spatia
589 3354 725 3406 terrarum
739 3351 853 3406 minime
868 3351 994 3406 sufficere
1009 3349 1141 3418 suadetis,

132 3422 199 3489 quin
210 3422 364 3491 etiampoli
375 3424 454 3478 sedes
465 3423 658 3492 concupiscere
669 3422 846 3492 compellitis.
864 3423 943 3477 Licet
953 3422 983 3475 V.
1016 3427 1050 3476 23
1061 3421 1141 3476 sedes

132 3509 184 3548 om.
203 3493 238 3546 R.
295 3497 329 3546 24
349 3493 485 3565 exsortes]
505 3495 631 3563 expertes
651 3493 682 3547 V.
743 3499 776 3548 21
796 3492 981 3564 committitis]
1003 3493 1141 3547 commisi·

134 3563 185 3618 stis
204 3564 240 3617 B.
269 3563 410 3618 comitatis
430 3565 464 3619 P.
539 3569 572 3619 26
592 3563 715 3633 auratus]
735 3564 840 3618 auratis
859 3564 988 3620 cornibus
1008 3563 1039 3620 V.
