2650 3920
474 201 593 259 ACTUS
611 203 837 263 Anaxnnnar.
1108 205 1151 270 97

137 373 245 435 autem
277 390 349 434 cum
380 367 476 452 longe
509 365 717 451 tranquillius
749 365 937 451 doctiusque
967 367 1150 437 Alexander

137 456 330 523 Macedones
353 457 388 521 in
406 476 527 522 cornua
545 453 773 540 protendisset,
796 455 865 538 ipse
883 453 1070 540 Bucephala
1089 480 1148 524 suo

136 549 248 612 rectus
272 543 488 628 imperatoriis
508 543 623 609 officiis
642 541 847 627 fungebatur.
884 542 1029 610 Tandem
1047 546 1148 630 igitur

137 634 289 700 bellicum
310 633 394 699 lituo
410 633 616 716 praecinente
634 631 707 715 pari
727 632 890 716 utrimque
906 653 1062 715 procursu
1079 656 1152 718 par·

138 727 188 787 tes
207 724 242 786 in
262 743 331 786 sese
345 717 547 807 procurrunt.
583 719 791 805 Primumque
811 720 898 786 saris
917 741 954 785 ac
974 721 1180 788 missilibuse

139 810 283 894 iaculati,
301 831 377 875 mox
396 811 527 875 ensibus
542 809 641 874 etiam
656 809 777 873 strictis
797 808 977 874 comminus
991 809 1153 894 proelian-

139 902 201 963 tur.
237 897 343 963 Multa
362 898 498 984 denique
518 896 582 962 diei
599 900 693 981 parte
711 901 913 981 consumpta,
932 897 989 962 ubi
1006 919 1073 963 non
1091 899 1154 963 dis·

140 986 285 1052 oriminis
308 987 474 1072 parilitate
492 985 641 1069 protrahi
660 985 782 1050 bellum
800 985 920 1050 Darius
943 985 1034 1071 vidit,
1053 986 1155 1051 enim-

140 1097 216 1140 vero
240 1076 326 1160 quod
350 1096 451 1140 unum
474 1074 507 1140 id
529 1095 641 1139 morae
664 1073 895 1140 Macedonibus
918 1074 1093 1160 rideretur,
1118 1079 1155 1140 ut

139 1164 301 1230 metendis
331 1163 469 1229 Persicis
506 1163 665 1229 militibus
697 1162 926 1228 tantummodo
959 1163 1154 1243 laborarent,
1169 1186 1196 1226 10

140 1273 205 1338 quo
228 1273 280 1317 res
299 1252 434 1338 periculi
453 1250 608 1334 tenderet,
630 1250 718 1315 haud
737 1251 833 1317 dubie
851 1253 1084 1336 interpretatus
1106 1253 1155 1318 fu·

141 1361 217 1427 gam
240 1341 381 1424 capessit
411 1342 444 1404 et
471 1360 568 1404 cursu
596 1359 680 1422 sese,
708 1360 805 1422 quam
832 1341 1014 1424 properiter
1035 1345 1156 1425 posset,

140 1429 366 1514 praesentibus
397 1429 525 1492 liberat.
575 1425 751 1510 Strengam
783 1426 920 1513 denique
950 1429 1048 1493 etiam
1077 1433 1155 1495 tunc

142 1520 281 1583 stratum
308 1516 507 1582 firmitudine
534 1514 707 1599 perriabili
734 1515 930 1581 transmittit
961 1521 1057 1600 atque
1090 1519 1156 1582 exit

141 1609 175 1672 et
203 1607 273 1690 ipse
302 1604 433 1691 quidem
456 1605 519 1669 iter
547 1603 588 1668 ad
615 1603 742 1689 regiam
769 1607 934 1688 properat
978 1603 1050 1669 Iam
1077 1627 1156 1671 vero
1171 1625 1197 1666 rs

141 1695 282 1759 turbatis
306 1692 446 1759 Persicis
473 1692 584 1771 rebus,
612 1713 686 1757 cum
716 1712 829 1757 omnes
853 1693 975 1778 pariter
1004 1692 1081 1757 illae
1106 1695 1158 1759 tot

141 1781 337 1868 phalanges,
367 1804 448 1865 quae
473 1785 582 1846 tamen
605 1779 684 1845 ferri
706 1779 916 1867 hostiumque
939 1781 1084 1846 nondum
1107 1803 1158 1847 ex·

142 1874 255 1955 portae
279 1875 396 1954 essent,
420 1871 461 1936 ad
485 1870 621 1936 eundem
644 1868 772 1935 alveum
796 1869 921 1936 avidius
941 1870 1157 1956 advenissent,

143 1959 211 2025 sive
235 1981 274 2024 ex
296 1959 354 2025 illa
372 1959 555 2046 fragilitate
573 1962 711 2024 naturae
731 1958 799 2023 sive
817 1959 1002 2026 inconsulto
1026 1961 1158 2046 agmine

141 2049 264 2132 pariter
281 2049 439 2134 inruente,
464 2046 607 2136 Stranga
630 2069 724 2112 suum
746 2047 888 2113 officium
908 2048 1017 2114 deficit
1034 2049 1157 2134 ingres·
1171 2069 1198 2110 so

143 2157 260 2222 sosque
280 2138 460 2222 submergit
482 2157 667 2221 omnesque,
690 2156 771 2221 quos
791 2137 882 2200 alveo
902 2140 1079 2220 acceperat,
1103 2158 1157 2201 ne-

143 2227 205 2288 cat.
260 2225 415 2308 Reliquos
443 2246 541 2308 porro
569 2223 707 2289 insecuti
734 2222 925 2289 Macedones
953 2224 1159 2308 obtruncant,

143 2332 203 2375 nec
226 2311 292 2376 fere
316 2313 354 2376 fit
377 2312 502 2395 aliquid
530 2334 568 2376 ex
595 2311 661 2377 illis
684 2310 836 2375 omnibus
858 2312 987 2394 reliqui,
1016 2332 1080 2395 quo
1109 2334 1159 2378 se-

144 2419 238 2463 mesa
256 2402 411 2486 cartaque
425 2399 605 2464 Alexandri
623 2398 761 2464 victoria
776 2398 948 2468 videretur.
979 2400 1061 2464 Tum
1081 2421 1158 2486 ergo

145 2487 266 2551 Darius
291 2489 379 2552 omni
408 2509 466 2570 spe
489 2486 623 2551 meliore
647 2485 796 2570 deposita
823 2508 897 2551 oum
920 2487 1086 2571 ingressus
1110 2510 1158 2552 re·
1173 2508 1199 2550 as

145 2575 235 2661 giam
254 2597 345 2641 suam
359 2575 453 2640 humi
470 2597 540 2640 sese
554 2575 768 2641 eiulabundus
782 2575 1013 2641 miserabiliter
1026 2598 1160 2659 prorsus

146 2668 179 2729 et
198 2664 378 2749 ignobilius
398 2663 640 2746 constravissct,
663 2663 830 2729 maerebat
848 2663 979 2748 quidem
998 2668 1030 2728 et
1049 2687 1160 2730 eorum

144 2758 282 2837 mortes,
310 2754 366 2836 qni
395 2753 458 2819 sibi
482 2753 562 2818 adeo
586 2752 729 2818 infauste
753 2752 965 2836 militassent,
995 2754 1163 2819 maerebat

145 2842 244 2907 etiam
265 2841 419 2907 damnum
438 2843 540 2927 regni,
562 2841 646 2927 quod
665 2841 706 2906 ad
729 2840 847 2906 incitas
866 2840 1059 2924 deduxisset,
1081 2846 1161 2908 tuno

235 3004 251 3054 2
270 2998 479 3055 MacedonasP.
504 2998 709 3068 praetendisset
720 2998 754 3053 P.
776 2997 939 3068 Bucephala
947 3000 1055 3068 scripsi.
1073 2999 1160 3053 Buce·

146 3068 314 3139 pbaloP.T.
352 3069 565 3139 3imperatoris
573 3069 604 3124 T.
637 3069 820 3138 lutriqueP.
853 3070 1006 3139 eprimum
1020 3069 1160 3124 xauxisP.

147 3145 164 3194 6
182 3139 323 3208 proeliant
332 3141 366 3196 P.
431 3146 446 3195 '1
465 3140 562 3196 Multis
584 3141 704 3208 denique
727 3140 762 3194 de
784 3142 864 3208 parte
883 3141 1055 3210 consumptis
1067 3140 1099 3194 Τ.
1126 3140 1161 3194 de

147 3211 267 3278 utraque
284 3213 366 3281 parte
387 3212 461 3265 Mae.
523 3210 632 3266 evicit
657 3210 688 3266 Τ.
715 3211 795 3268 iubet
812 3211 846 3266 P.
907 3217 941 3267 10
958 3210 1109 3266 metiendis
1129 3210 1161 3264 Τ.

149 3285 180 3334 11
197 3298 282 3348 quam
295 3298 355 3336 rem
368 3280 489 3351 periculi
501 3281 615 3336 tendere
625 3281 655 3336 Τ.
690 3287 722 3336 12
737 3283 769 3336 ut
783 3296 866 3335 cursu
880 3281 1117 3336 sese—liberaret
1126 3281 1161 3336 P.

149 3356 183 3406 14
201 3351 373 3408 firmitudine
389 3353 421 3408 T.
440 3351 605 3406 fortitudine
619 3352 653 3406 P.
695 3355 728 3405 15
746 3352 801 3407 iter
819 3367 870 3407 om.
890 3352 924 3408 P.
967 3358 999 3408 16
1019 3353 1108 3406 omnis
1128 3351 1161 3406 P.

148 3427 182 3476 1'1
198 3423 327 3492 expertes
335 3424 369 3479 P.
406 3427 440 3477 18
454 3423 625 3478 adeundam
638 3423 750 3478 alveum
762 3419 870 3477 avidius
880 3423 1060 3478 advenissent
1068 3439 1118 3478 om.
1128 3421 1161 3476 P.

150 3497 182 3548 19
202 3491 358 3564 fragilitate
379 3492 409 3552 Τ.
434 3492 574 3550 facilitate
592 3494 625 3549 P.
650 3493 946 3564 agminis-irruentis
967 3493 1001 3546 P.
1038 3498 1072 3547 23
1091 3506 1162 3560 quos

147 3579 256 3618 emersa
275 3565 430 3634 cunctaque
450 3564 482 3620 Τ.
555 3571 589 3620 27
609 3566 639 3620 et
656 3581 706 3620 om.
728 3564 760 3619 Τ.
834 3569 868 3618 29
886 3563 1001 3618 inscitae
1019 3563 1053 3618 P.

200 3662 287 3705 Iunius
300 3663 435 3708 Venustus.
917 3709 921 3721 ¹
986 3655 1002 3714 'l
1039 3699 1040 3707 .
1105 3661 1145 3717 7*
