2648 3922
500 243 620 300 ORTUS
637 243 861 301 ALEXANDRI.
1142 245 1185 310 53

172 406 284 473 Pellae
315 428 353 472 ac
383 404 593 472 Macedoniae
624 429 752 472 secessu
783 408 950 474 audaciam
981 411 1072 472 tuam
1102 408 1187 474 inter

172 495 339 580 proximos
371 495 561 561 iactitares?
620 494 795 562 Enimvero
828 519 966 583 usurpas
998 500 1031 560 et
1062 497 1186 582 regium

173 606 291 650 nomen
332 587 364 649 et
405 588 604 669 congregata
646 585 708 648 tibi
745 586 786 650 ad
823 586 1013 652 societatem
1055 585 1186 650 sceleris

173 673 327 757 parilium
364 673 606 756 conspiratione
639 672 769 738 hostem
805 678 838 739 te
874 675 979 740 nostri
1014 674 1187 757 profiteris,

173 763 226 827 cui
249 783 346 847 quam
369 762 466 845 longe
489 763 709 846 praestantius
732 762 826 842 foret,
845 763 878 827 id
901 764 987 828 inter
1009 761 1185 827 Graeculos
1207 784 1220 826 s

173 851 332 931 iactitare,
356 872 437 935 quos
457 847 600 915 Graecos
618 849 686 914 fere
704 857 741 915 ut
759 851 890 916 inutiles
909 873 968 916 nec
986 851 1187 916 necessarios

171 937 346 1003 Persarum
369 959 471 1024 regna
494 960 560 1004 non
583 943 751 1023 quaerunt.
797 939 856 1006 Sat
882 941 985 1025 igitur
1007 940 1113 1005 habeo
1136 941 1188 1005 vel

172 1028 386 1092 hortantum
408 1028 646 1111 imprudentiae
666 1029 804 1113 signum,
827 1029 913 1114 quod
936 1033 1027 1093 ratus
1050 1049 1111 1093 nos
1134 1051 1187 1094 ve-

173 1116 331 1180 stratibus
360 1117 481 1181 similes
510 1116 574 1181 huc
604 1117 809 1182 contendisti.
859 1116 945 1193 Quin
975 1137 1052 1202 ergo
1081 1121 1188 1182 errata

173 1204 298 1290 corrige
317 1225 376 1268 nec
395 1204 494 1269 addas
512 1205 699 1270 huiusmodi
716 1205 916 1271 facinoribus
942 1206 1188 1273 incrementum.
1202 1227 1228 1266 ro

172 1292 235 1358 Est
254 1293 340 1356 enim
357 1295 522 1378 seirenes,
541 1293 659 1377 quibus
675 1293 807 1359 deorum
821 1296 945 1378 pariter
964 1298 997 1359 et
1015 1294 1188 1379 prudentia

173 1386 206 1446 et
226 1380 368 1466 dignitas
387 1381 487 1465 iavet,
509 1383 651 1465 peccatis
674 1384 746 1447 istis
760 1386 803 1464 ¹ut
819 1383 988 1448 hominum
1008 1382 1188 1450 subvenire.

173 1468 297 1535 Censeo
317 1470 427 1553 igitur,
445 1473 483 1534 ut
504 1471 703 1535 adorandum
725 1473 916 1557 mevanias,
938 1494 979 1536 nc
1003 1476 1117 1538 contra
1140 1473 1187 1536 in-

173 1560 355 1642 obsequens
378 1580 517 1642 poenam
539 1580 600 1643 pro
623 1560 719 1625 venia
742 1561 905 1626 merearis.
950 1558 1042 1635 Quod
1065 1564 1103 1625 ut
1124 1561 1187 1625 tibi

172 1651 279 1712 ratum
304 1647 361 1731 sit,
388 1647 499 1713 Iovem
528 1648 599 1712 iuro
627 1652 660 1712 et
687 1652 838 1733 parentes
866 1671 956 1714 meos
984 1670 1114 1714 omnem
1137 1650 1187 1714 tui
1201 1668 1227 1710 rs

172 1737 324 1801 iniuriam
347 1737 495 1820 protinus
520 1757 537 1800 e
560 1757 633 1801 meo
657 1740 787 1820 pectore
811 1736 1032 1803 recessuram?

262 1822 320 1890 43.
367 1825 412 1889 Et
444 1824 524 1888 haec
562 1825 691 1909 quidem
728 1826 848 1910 scripta
883 1827 970 1912 regis
1002 1826 1264 1892 AlexanderXLI.

172 1914 306 1999 legerat.
351 1913 448 1978 Enim
470 1913 606 1978 ulterius
634 1936 700 1979 non
723 1915 845 1999 verbis,
874 1915 929 1980 sed
952 1915 1061 2001 gladio
1088 1935 1185 1999 agen·
1205 1907 1252 1960 52.

175 2001 251 2067 dam
278 2023 347 2065 rem
374 2006 465 2066 ratus
497 2023 555 2085 per
578 2003 736 2068 Arabiam
765 2003 940 2070 exercitum
969 2005 1057 2070 ducit
1091 2009 1187 2089 atque

172 2091 207 2154 in
231 2112 384 2174 aequore,
413 2091 499 2175 quod
527 2092 670 2175 agendae
699 2092 746 2157 rei
769 2093 984 2177 opportunius
1008 2093 1187 2174 videbatur,
1200 2111 1228 2152 ro

173 2180 276 2243 aciem
305 2179 457 2244 extendit.
508 2177 579 2254 Qua
606 2180 753 2264 inspecta
781 2179 900 2245 Darius
930 2203 1021 2264 spem
1047 2181 1187 2266 primam

173 2289 307 2352 eamque
330 2268 381 2332 vel
405 2268 578 2332 maximam
607 2269 639 2332 in
664 2267 793 2333 falcatis
822 2269 969 2334 curribus
997 2269 1103 2353 ponit,
1131 2271 1189 2353 qui

172 2361 209 2420 ut
235 2356 364 2420 facilius
393 2357 495 2420 aciem
525 2357 671 2420 hostium
694 2357 908 2438 incursarent,
937 2380 956 2421 a
983 2358 1084 2422 latere
1112 2379 1187 2423 con-

173 2444 330 2516 locantur.
381 2443 443 2509 Sed
471 2445 505 2508 id
535 2445 707 2509 consilium
737 2445 854 2510 Persae
884 2445 976 2510 disici
1005 2445 1187 2510 Alexander

172 2532 300 2598 facilius
325 2534 476 2617 opinatus
495 2533 733 2597 incurrentibus
753 2534 899 2599 curribus
923 2555 980 2618 per
1004 2535 1089 2598 acies
1107 2532 1185 2618 pha·
1201 2554 1227 2596 ss

172 2624 351 2708 longasque
380 2622 488 2687 locum
511 2621 667 2686 transitui
689 2621 788 2706 pandi
811 2621 970 2705 praedicit
993 2625 1129 2706 tumque
1153 2624 1187 2687 in

263 2765 409 2814 leecessu
427 2766 455 2814 T.
488 2775 565 2814 sessu
583 2760 618 2814 A.
653 2775 726 2814 esses
746 2758 770 2815 si
788 2761 821 2816 P.
894 2767 1048 2832 Tusurpas
1072 2764 1101 2817 et
1119 2763 1185 2817 T.P.

171 2847 322 2900 usurpasse
332 2830 368 2885 A.
380 2833 435 2899 (sse
449 2832 481 2885 ἐπ
495 2831 602 2898 lituro).
639 2834 656 2884 4
675 2831 803 2900 palilium
814 2832 850 2888 A.
871 2832 1108 2903 conspirationem
1119 2833 1186 2890 T.P.

172 2908 188 2956 ὃ
201 2903 394 2971 praestantius
403 2908 431 2956 T.
452 2901 627 2971 praestantia
636 2902 672 2955 A.
679 2902 713 2958 P.
751 2909 767 2957 6
780 2902 896 2958 inutiles
907 2921 958 2959 neo
967 2905 1141 2959 necessarios
1151 2903 1185 2959 P.

170 2971 286 3028 inutiles
304 2971 477 3028 necessarios
491 2971 527 3027 A.
555 2972 670 3027 inutiles
689 2975 846 3029 necessario
861 2981 888 3029 T.
946 2982 979 3030 10
998 2976 1115 3043 corrigis
1134 2991 1186 3028 nec

171 3045 221 3098 das
239 3050 267 3099 T.
301 3042 426 3113 corriges
449 3058 500 3097 nec
522 3043 571 3096 des
591 3043 622 3098 P.
698 3051 730 3098 11
749 3045 830 3100 nobis
852 3061 985 3115 superser.
1011 3046 1057 3100 vel
1079 3061 1129 3098 nos
1149 3047 1185 3100 A.

170 3113 251 3170 nobis
269 3115 340 3171 T.P.
379 3120 412 3168 12
431 3112 513 3167 istius
529 3120 556 3168 T.
596 3119 628 3168 13
647 3113 735 3185 igitur
753 3116 875 3170 utA.P.
904 3116 978 3170 enim
993 3123 1021 3170 T.
1058 3115 1184 3171 neA.P.

170 3201 222 3240 neo
236 3192 263 3239 T.
316 3190 349 3239 15
368 3183 412 3238 tui
425 3184 503 3238 AP.
531 3183 586 3238 tibi
599 3190 627 3240 T.
682 3189 716 3239 16
736 3203 750 3240 e
769 3203 820 3240 om.
835 3192 861 3238 T.
899 3185 1084 3256 recessuram]
1103 3187 1135 3240 in
1149 3190 1185 3240 A.

170 3272 305 3326 saperem.
325 3257 371 3310 vel
388 3271 573 3309 recensuram.

260 3325 308 3381 43.
344 3332 376 3381 1⁷
396 3341 445 3379 rex
463 3323 621 3379 Alexander
640 3325 673 3378 P.
712 3331 747 3380 20
765 3326 840 3393 quod
858 3341 990 3395 saperem.
1009 3327 1055 3381 vel
1074 3344 1130 3395 quo
1148 3329 1184 3382 A.

170 3403 203 3451 22
224 3412 343 3464 eamque
357 3395 394 3451 A.
403 3396 438 3450 P.
462 3412 581 3464 meaque
596 3402 623 3452 T.
679 3401 713 3450 23
734 3397 854 3450 collocat
868 3397 899 3450 P.
951 3403 985 3452 24
1005 3397 1100 3452 dissici
1114 3399 1183 3453 T.A.

171 3467 281 3522 dissicit
296 3467 329 3522 P.
381 3472 416 3521 25
436 3467 566 3536 opinatus
581 3473 608 3520 T.
642 3467 803 3536 inopinatus
818 3468 896 3524 A.P.
949 3475 983 3523 26
1002 3470 1096 3524 locum
1110 3470 1184 3525 A.P.

170 3540 232 3594 loco
252 3545 279 3593 T.
308 3539 395 3607 pandi
413 3538 489 3593 A.P.
522 3537 622 3607 prendi
640 3553 708 3592 corr.
728 3555 761 3592 ec
780 3538 880 3607 prandi
898 3546 925 3593 T.
958 3540 1098 3609 praedicit
1115 3540 1184 3594 T.A.

169 3609 314 3690 praecepit
333 3609 366 3665 P.
