2650 3920
180 193 245 258 100
514 155 516 161 Α
603 193 713 248 amna
730 194 764 249 Π.

178 357 314 441 tavisse,
341 377 445 440 neque
473 355 554 419 mihi
582 356 617 420 in
640 356 756 422 Asiam
778 357 970 422 transeundi
998 359 1096 422 aliam
1120 359 1192 443 quis

178 444 297 508 dixerit
321 465 391 509 esse
416 465 564 526 causam,
588 445 653 509 nisi
682 445 768 530 quod
796 450 912 510 cuneta
939 447 1019 511 haec
1044 447 1125 511 mihi
1155 470 1194 513 ac

178 553 267 596 meae
295 531 592 616 praeiudicaveram
620 533 828 618 possessioni.
875 533 934 599 Sat
961 535 1064 620 igitur
1092 535 1192 601 Dario

178 620 327 685 rideatur
349 620 382 684 id
406 621 502 685 modo
530 643 631 686 unum
655 622 736 687 lucri
760 623 894 706 habere,
917 623 1003 706 quod
1026 625 1193 706 imperter-

153 709 263 773 sritus
286 708 338 774 his
362 709 512 774 omnibus
536 709 638 774 veluti
661 710 867 775 alienissimis
889 709 1110 776 incubaverit?
1148 711 1194 776 Et

178 798 213 861 in
235 797 321 863 hanc
344 797 537 862 sententiam
566 797 704 863 dintatas
734 799 860 864 litteras
888 799 966 864 ferri
993 800 1034 865 ad
1057 799 1193 865 Darium

177 885 278 951 iubet.
328 884 404 969 Ipse
434 907 510 951 vero
541 886 660 951 transit
694 886 734 951 ad
764 888 951 954 huiusmodi
980 889 1193 973 diligentiam,

66 1001 70 1008 ·
178 974 228 1040 uti
252 978 285 1038 et
308 974 470 1039 vulnerati
492 976 728 1058 competentius
751 979 939 1041 curarentur
962 981 995 1042 et
1019 977 1193 1043 desiderati

177 1063 263 1128 bello
292 1063 470 1147 sepulchris
495 1063 535 1126 ad
559 1064 712 1128 meritum
739 1063 977 1130 desererentur.
1023 1065 1131 1150 Atque
1158 1068 1194 1145 in

140 1169 166 1210 10
179 1150 260 1215 haee
276 1154 452 1235 occupatus
465 1150 584 1216 hiemis
599 1153 707 1235 spatia
719 1153 889 1238 transegit,
903 1153 1058 1238 quidquid
1067 1153 1193 1219 interea

175 1240 333 1322 temporis
356 1238 471 1323 fuerit,
500 1238 560 1305 diis
583 1240 793 1324 praestitibus
818 1242 985 1307 sacrificiis
1009 1243 1192 1309 obsecutus.

176 1326 286 1411 Atque
311 1349 384 1392 cum
402 1327 527 1392 interea
545 1332 637 1393 motu
655 1330 797 1413 quodam
821 1331 920 1395 animi
938 1332 1108 1415 repentino
1127 1332 1192 1397 ius·

178 1415 276 1479 sisset
289 1415 415 1499 regiam
429 1415 539 1500 Xerxi,
557 1439 640 1502 quae
655 1418 904 1502 opulentissima
923 1423 957 1484 et
973 1419 1192 1502 pulcherrima

176 1501 357 1587 videbatur,
380 1505 502 1571 iniecto
521 1506 592 1589 igni
611 1507 818 1592 concremari,
841 1508 874 1572 id
894 1528 1020 1591 quoque
1040 1528 1116 1571 mox
1134 1528 1192 1590 per

136 1609 162 1651 rs
175 1590 411 1676 poenitentiam
443 1593 639 1659 reformatus
675 1596 841 1680 exstingui
875 1600 971 1680 atque
1004 1595 1044 1660 ad
1074 1594 1192 1660 faciem

175 1680 351 1763 pristinam
374 1682 509 1747 retineri
531 1684 705 1766 praecepit.
915 1704 917 1708 ·

264 1769 343 1834 Fuit
358 1770 462 1834 eidem
476 1771 560 1833 inter
574 1770 654 1835 heco
668 1791 772 1855 curae,
791 1772 827 1834 ut
841 1773 1012 1855 sepulchra
1025 1771 1136 1838 Persa·
1164 1778 1266 1836 XVIII.
1313 1839 1314 1852 ,

175 1877 247 1919 rum
268 1860 300 1920 ct
319 1858 448 1939 sepulta
467 1857 546 1920 olim
566 1878 678 1921 eorum
697 1878 833 1940 corpora
851 1859 1040 1943 intueretur,
1059 1861 1144 1944 quod
1157 1861 1192 1925 in
1313 1857 1314 1866 ’

66 1963 67 1966 ’
176 1941 229 2006 his
240 1944 419 2026 sepulchris
433 1943 528 2024 multi
542 1947 681 2008 crateres
692 1945 781 2008 aurei
795 1946 961 2028 multaque
976 1950 1086 2032 magni
1095 1950 1193 2032 pretii

137 2051 164 2092 ao
178 2030 309 2096 condita
327 2030 367 2095 ad
386 2031 580 2115 templorum
602 2032 879 2116 magnificentiam
899 2033 1092 2101 dicerentur.
1130 2036 1193 2102 Sed

177 2121 306 2204 egregie
326 2121 440 2186 ceteris
460 2121 607 2185 anteibat
626 2118 703 2204 cyri
723 2120 827 2201 aedes,
847 2143 930 2206 quae
950 2123 1073 2188 seilicet
1091 2125 1191 2190 turris

177 2208 217 2273 ad
240 2208 358 2274 faeiem
381 2208 487 2292 lapide
509 2209 573 2274 levi
594 2209 818 2294 quadratoque
841 2211 876 2274 in
897 2233 1057 2277 summam
1081 2213 1193 2278 altitu-

177 2297 284 2361 dinem
312 2300 479 2363 exstructa
505 2301 717 2381 processerat.
764 2297 834 2383 Ipsi
861 2321 937 2364 vero
968 2297 1054 2384 Cyro
1084 2302 1191 2368 condi-

175 2387 295 2450 torium
324 2389 393 2450 erat
422 2407 438 2451 e
466 2385 572 2470 lapide
595 2387 744 2470 visendo,
773 2388 863 2454 ouius
892 2388 959 2454 sive
982 2394 1100 2456 natura
1123 2413 1192 2474 per-

137 2493 163 2534 as
179 2474 289 2558 spicua
329 2475 395 2540 sive
433 2474 607 2558 inscalptio
644 2475 724 2541 adeo
757 2477 864 2541 tenuis
896 2482 981 2562 erat,
1018 2485 1056 2544 ut
1087 2479 1190 2544 nihilo

177 2584 318 2647 prorsus,
342 2562 499 2648 quidquid
517 2563 682 2649 intererat,
705 2565 877 2649 impediret
899 2567 1095 2632 intuentium
1120 2568 1191 2631 dili-

178 2652 331 2736 gentiam,
356 2652 436 2716 adeo
455 2656 493 2716 ut
511 2657 646 2736 propter
669 2655 739 2718 saxi
758 2654 846 2719 illius
866 2655 1061 2719 evidentiam
1080 2654 1191 2737 capilli

178 2737 278 2803 etiam
302 2740 427 2805 conditi
450 2740 613 2805 cadaveris
636 2742 826 2808 viserentur.

268 2917 282 2964 1
302 2911 373 2966 mihi
392 2929 461 2968 corr.
481 2930 514 2968 ec
533 2913 589 2967 eibi
607 2921 633 2968 n.
664 2913 719 2968 sibi
739 2915 772 2968 P.
838 2921 854 2968 3
875 2915 925 2970 sas
944 2917 980 2972 sit
998 2916 1087 2986 igitur
1105 2917 1190 2972 Dario

177 2982 202 3038 si
220 2982 352 3038 videatur
362 2984 393 3038 P.
436 2983 677 3053 4impcrterritus
696 2985 804 3054 acrepsi.
834 2986 1054 3055 imperterritum
1065 2989 1099 3042 P.
1128 2993 1192 3043 arete

176 3055 226 3110 hoc
243 3055 354 3110 nabun
372 3055 431 3108 tam
450 3053 499 3109 dio
517 3057 559 3109 oel
577 3056 664 3110 amite
681 3056 749 3124 quid
767 3056 876 3112 vidaon
894 3059 1031 3114 eccidisse.
1079 3065 1094 3113 9
1114 3058 1190 3114 bello

177 3124 312 3194 sepulcris
335 3131 363 3180 I.
395 3124 471 3180 vallo
495 3125 617 3195 sepulcri
643 3125 674 3180 T.
758 3131 791 3180 15
814 3127 981 3184 reformatus
1004 3131 1073 3186 Keil.
1105 3130 1191 3186 refor-

176 3198 285 3250 matum
303 3197 346 3251 vel
363 3196 545 3252 reformatam
560 3203 587 3250 n.
606 3195 790 3251 reformatam
806 3197 840 3252 P.
879 3205 912 3254 17
932 3217 1014 3256 curae
1028 3207 1055 3256 n.
1077 3218 1144 3255 cura
1158 3201 1190 3258 Ρ.

178 3271 211 3321 19
231 3268 353 3322 crateres
373 3274 399 3322 2.
427 3270 538 3337 pateres
558 3268 592 3320 P.
652 3271 685 3320 21
706 3283 778 3336 quae
798 3275 825 3323 2.
845 3287 930 3338 quare
951 3273 985 3325 P.
1043 3277 1076 3326 22
1095 3271 1191 3341 lapide

176 3351 226 3414 om.
249 3338 283 3393 P.
315 3339 509 3408 quadratoque
528 3345 556 3392 2,
582 3338 743 3407 quadroque
765 3339 799 3394 P.
863 3347 896 3395 23
916 3341 970 3412 ipsi
987 3359 1054 3398 vero
1073 3341 1144 3412 Cyro
1163 3350 1190 3397 r.

176 3405 265 3472 rpsiue
285 3424 351 3463 vero
368 3409 433 3478 Cyri
445 3411 479 3464 P.
514 3427 565 3479 pro
587 3409 773 3465 conditorium
787 3417 815 3465 I.
853 3418 888 3465 24
907 3431 922 3469 e
941 3429 990 3468 om.
1003 3415 1036 3467 P.
1074 3420 1108 3468 22
1126 3431 1191 3484 pro·

175 3477 239 3540 pter
249 3482 276 3530 n.
295 3479 409 3546 praeter
420 3480 452 3535 P.
475 3480 682 3535 evidentiam.
703 3480 846 3538 evidentia
858 3484 891 3537 P.
947 3489 981 3539 28
1001 3484 1144 3541 cadaveris
1156 3487 1190 3540 P.

177 3545 283 3598 caveris
301 3551 417 3617 propter
434 3556 461 3604 Τ.
