2622 3932
246 232 425 289 EPISTOLA
443 230 656 286 ALEXANDRI
675 231 724 285 AD
744 227 1009 285 ARISTOTELEM.
1069 225 1135 290 215

117 395 361 476 consulueram,
390 413 432 454 an
461 391 536 454 illos
560 390 719 455 cavendos
744 409 813 453 esse
836 389 1020 455 Alexandro
1045 411 1135 473 prae-

119 483 270 548 moneret
298 478 474 543 oraculum.
524 476 677 541 Discessu
705 475 820 541 deinde
849 475 937 541 facto
965 500 1038 543 cum
1068 477 1135 543 iam

120 569 163 629 ad
182 565 293 642 epulas
314 567 555 645 reverteremur,
578 583 638 646 ego
663 583 761 645 aeger
783 565 902 646 animo,
926 564 966 627 ad
989 566 1135 648 requiem

120 647 314 727 rogantibus
345 648 473 728 amicis,
504 670 544 712 ne
576 672 628 713 me
652 651 815 715 anxietate
846 654 879 715 et
907 651 1028 714 ieiunio
1059 673 1134 716 con-

120 733 263 815 ficerem,
290 734 456 815 paululum
485 735 549 800 cibi
578 741 690 801 contra
719 739 819 802 animi
842 739 906 801 mei
929 739 1159 802 voluntatems

122 840 248 884 sumere
278 821 384 904 coepi,
414 842 527 904 meque
557 827 594 886 ut
623 829 754 906 praesto
787 846 892 889 essem
922 824 963 889 ad
992 825 1138 908 primum‘

120 909 202 974 solis
231 912 351 994 ortum,
381 909 416 974 in
445 910 585 975 sacrario
614 912 778 976 collocavi.
822 911 960 977 Postero
988 913 1039 977 die
1067 935 1133 977 ma·

119 998 236 1063 tutinis
251 998 505 1084 expergefactus,
523 998 665 1064 diluculo
680 1000 801 1064 amicos
817 1001 916 1064 etiam
935 1002 1132 1085 semisopora

121 1109 236 1152 somno
260 1089 374 1153 excito.
416 1086 479 1152 sed
502 1087 606 1153 adhuc
629 1088 700 1172 ipse
724 1110 850 1173 quoque
874 1090 1023 1154 sacerdos
1046 1091 1132 1154 vela-

118 1181 174 1241 tus
202 1177 342 1260 pellibus
369 1176 487 1241 ferinis.
509 1177 704 1261 quiescebat.
751 1177 927 1260 Positaque
955 1181 1030 1241 ante
1059 1200 1132 1243 eum
1147 1203 1173 1242 ro

120 1266 156 1330 in
179 1266 293 1331 tabula
312 1265 449 1330 ebenina
472 1266 586 1350 ingens
611 1265 696 1330 oliba
713 1265 796 1331 turis
821 1271 899 1349 erat,
922 1289 1004 1351 quae
1022 1267 1071 1331 illi
1095 1288 1134 1331 ex

119 1354 270 1438 pridiana
292 1376 371 1420 cena
395 1355 612 1439 superfuerat,
640 1358 673 1418 et
702 1356 805 1419 culter
833 1354 1001 1423 eburneus.
1045 1354 1131 1420 Nam

121 1465 194 1508 aere
218 1447 251 1507 et
273 1443 359 1508 ferro
387 1447 420 1507 et
447 1443 581 1526 plumbo
609 1448 642 1508 et
670 1447 806 1529 argento
831 1447 940 1528 egent,
969 1443 1024 1508 sed
1052 1466 1131 1510 auro

119 1532 295 1596 abundant.
336 1531 555 1617 Opobalsamo
579 1534 612 1595 et
634 1535 706 1596 ture
728 1536 911 1616 vescuntur,
934 1533 1131 1616 cadenteque

119 1619 189 1684 rivo
219 1641 301 1702 puro
334 1642 373 1684 ex
403 1621 507 1685 vicino
538 1622 648 1686 monte
678 1623 795 1704 potant
827 1643 944 1706 aquam
974 1621 1131 1702 homines,
1146 1641 1172 1683 15

121 1709 345 1772 accumbentes
365 1713 398 1774 et
413 1712 615 1794 quiescentes
635 1709 705 1773 sine
724 1710 799 1774 ullis
819 1709 1031 1775 cervicalibus
1051 1714 1131 1774 stra-

120 1796 238 1882 tisque,
260 1800 389 1861 tanturn
407 1798 546 1881 pellibus
565 1798 716 1862 ferarum.
757 1797 829 1863 Hoc
849 1799 968 1863 amictu
987 1798 1132 1864 contenti

120 1885 236 1949 vivunt
262 1885 347 1950 idem
371 1887 463 1951 annis
486 1886 553 1952 fere
576 1887 738 1953 trecentis.
784 1887 936 1953 Excitato
965 1887 1131 1952 sacerdote

119 1974 227 2037 lucum
250 1975 369 2038 intravi
396 1975 494 2040 tertio
523 1976 729 2041 consulturus
758 1976 892 2040 eandem
920 1976 1000 2040 mihi
1026 1997 1132 2041 sacra·

119 2062 281 2128 tissimum
305 2062 391 2128 Solis
415 2064 576 2147 arborem,
604 2064 694 2129 cuius
717 2068 856 2129 mortem
879 2086 979 2129 manu
1002 2085 1171 2148 percus-ro

119 2151 203 2215 soris
232 2151 372 2216 habeam
401 2153 578 2217 cavendam
606 2173 741 2234 quemve
772 2153 906 2216 exitum
923 2157 1028 2216 mater
1058 2174 1131 2216 mea

119 2261 309 2323 sororesque
332 2261 424 2304 meae
448 2240 618 2304 habiturae
642 2240 717 2304 sint.
759 2239 868 2304 Arbor
890 2239 1012 2304 Graece
1035 2239 1130 2304 dixit:

120 2325 165 2391 ‘Si
188 2329 302 2392 mortis
321 2332 397 2392 tuae
415 2328 478 2392 tibi
496 2327 718 2392 insidiatorem
736 2326 919 2411 prodidero,
942 2327 1072 2392 sublato
1092 2349 1129 2392 eo

119 2416 212 2481 facile
235 2417 392 2481 instantia
418 2416 487 2480 fata
509 2414 662 2480 mutabis.
707 2414 789 2480 Mihi
818 2437 945 2500 quoque
972 2419 1039 2479 tres
1066 2414 1130 2479 ira-

119 2509 249 2569 scentur
277 2526 418 2588 sorores,
448 2504 534 2588 quod
562 2503 702 2568 veridico
731 2505 860 2570 oraculo
889 2525 1000 2568 earum
1028 2524 1130 2586 pensa
1144 2525 1170 2566 ra

118 2593 328 2677 impedierim,
352 2592 481 2675 Clotho,
504 2590 666 2675 Lachesis,
689 2592 841 2675 Atropos.
881 2592 988 2676 Igitur
1010 2591 1050 2656 ad
1075 2613 1129 2655 an-

117 2703 196 2745 num
215 2685 249 2746 et
266 2703 393 2746 menses
409 2686 533 2765 septem
551 2682 585 2744 in
600 2679 768 2764 Babylone
783 2681 941 2765 morieris,
957 2703 1025 2746 non
1043 2681 1129 2746 ferro

209 2879 222 2927 1
242 2873 460 2942 promoneretO.
498 2878 514 2927 3
534 2875 707 2927 verteremur
715 2872 785 2927 LO.
817 2873 854 2927 ad
867 2874 993 2940 requiem
1007 2874 1079 2928 vado
1090 2873 1129 2927 H.

118 2951 134 2998 6
154 2944 276 3015 sumere]
292 2944 418 3014 accipere
428 2944 462 2998 L.
498 2944 625 3015 praesto]
640 2945 784 3013 praestans
795 2943 909 3000 ΜΒ.
929 2945 1074 3013 praestans
1085 2944 1129 2998 M.

119 3021 134 3069 ‘1
153 3013 299 3070 matutinis
318 3035 348 3069 ω.
376 3013 515 3069 matutino
535 3015 612 3070 VH.
639 3014 776 3069 maturius
797 3015 826 3070 0.
923 3020 940 3068 8
959 3012 1130 3083 semisopora

118 3103 214 3141 somno
239 3086 345 3140 excitos
364 3107 394 3141 ω.
429 3084 530 3141 vocavi
553 3103 570 3140 a
594 3102 690 3140 somno
714 3086 849 3140 excitatos
869 3085 901 3139 V.
939 3085 1023 3138 simul
1049 3100 1130 3153 sopo-

118 3160 211 3211 rantes
231 3171 248 3209 a
267 3173 365 3212 somno
384 3157 505 3211 excitavi
516 3154 545 3210 0.
574 3156 703 3225 semisop.
722 3174 743 3210 s.
764 3156 869 3210 excitos
887 3153 948 3208 vidi
966 3155 1004 3209 H.
1043 3161 1075 3208 11
1095 3172 1131 3209 ex

118 3227 248 3296 pridiana
266 3243 336 3282 cena
355 3228 393 3282 H.
423 3245 457 3282 ex
474 3226 566 3296 pridie
585 3227 650 3280 ante
670 3243 693 3282 c.
714 3226 757 3280 M.
788 3242 822 3279 ex
839 3224 948 3295 pridiae
968 3227 1033 3280 ente
1053 3243 1075 3280 c.
1095 3226 1129 3282 L.

118 3314 151 3352 ex
168 3297 310 3368 pridiante
329 3314 352 3352 c.
373 3298 447 3353 (aB.
485 3315 519 3352 ex
536 3298 674 3352 nocturna
692 3313 715 3353 o.
735 3297 769 3351 V.
807 3311 841 3350 ex
860 3295 949 3364 pridie
969 3297 1082 3352 cenanti
1100 3295 1129 3354 0.

119 3373 151 3424 13
171 3370 219 3424 sed
238 3386 288 3424 om.
308 3369 386 3423 LH.
426 3374 458 3422 15
477 3385 577 3438 puram
596 3369 634 3423 H.
674 3374 706 3422 16
726 3367 894 3423 accubantes
913 3365 990 3422 VH.
1028 3372 1060 3422 17
1080 3367 1130 3421 His

118 3440 228 3494 amictis
244 3439 366 3495 contecti
379 3440 479 3495 vivunt
491 3438 645 3494 ibidemH.
683 3445 717 3493 21
736 3437 870 3493 haberem
878 3438 907 3494 O.
945 3443 978 3492 22
998 3440 1092 3494 essent
1100 3437 1129 3493 0.

117 3515 152 3564 24
172 3511 194 3565 Ο
214 3509 286 3566 mihi
304 3531 334 3564 ω.
360 3509 485 3580 mihique
504 3510 544 3565 H.
613 3517 647 3563 25
668 3526 769 3580 pensas
790 3509 817 3566 0.
886 3515 920 3564 26
939 3508 1129 3635 impedierirff

117 3581 303 3650 impenderim
318 3602 348 3637 u.
376 3581 425 3652 ad]
444 3584 511 3652 post
524 3581 563 3637 H.
606 3587 639 3636 27
659 3581 780 3652 septem]
799 3598 900 3636 norem
914 3581 952 3637 H.
981 3598 1012 3635 m
1029 3598 1080 3638 om.
1123 3623 1129 3636 .
