2654 3926
157 213 209 268 XII
557 215 770 272 PRAEFATIO.

159 399 222 461 quo
255 377 382 443 facilius
415 381 609 464 scripturam
639 379 825 446 inferiorem
857 379 965 463 legere
998 377 1167 467 posset¹)?

158 464 293 530 Utinam
315 471 492 554 antequam
515 469 595 535 folia
619 489 694 534 suco
719 469 899 554 pernicioso
919 490 1050 552 pessum
1068 469 1170 553 daret,

158 553 232 618 Iulii
255 554 379 622 Valerii
407 559 526 622 librum
551 557 726 641 diligenter
747 557 1046 622 transscribendum
1070 561 1168 643 atque

159 645 322 728 exemplar
345 648 594 731 transscriptum
617 647 652 709 in
675 645 876 711 bibliotheca
898 645 1092 711 Taurinensi
1114 647 1168 711 de-

157 733 342 814 ponendum
366 739 523 801 curasset!
566 733 628 800 Sed
651 735 726 818 quid
746 756 829 814 eum,
853 734 908 818 qui
926 734 1018 799 libris
1042 756 1168 800 conser-

158 821 271 886 vandis
296 845 315 886 a
338 844 413 908 rege
436 824 643 909 praepositus
667 826 766 907 esset,
793 823 901 887 facere
925 823 1063 909 deceret,
1088 823 1168 890 adeo

157 930 223 974 nou
252 911 412 976 intellexit
440 916 496 977 aut
525 911 687 995 meminit,
717 915 754 974 ut
783 911 853 996 ipse
880 911 1022 976 codicem
1051 913 1170 978 summi

156 999 254 1082 pretii
277 1001 452 1065 maximam
475 1005 601 1085 partem
625 1000 745 1064 deleret
774 1021 810 1064 ac
834 1000 913 1064 satis
936 999 1071 1064 haberat
1092 1023 1170 1084 pau·

157 1107 267 1152 corum
288 1089 430 1172 capitum
445 1091 610 1173 exemplar
623 1087 882 1172 transscriptum,
901 1088 1089 1170 pauciorum
1104 1089 1169 1154 col-

157 1175 313 1240 lationem
338 1175 424 1242 Maio
454 1178 590 1243 mittere.
635 1175 698 1252 Qui
719 1197 821 1260 *quam
843 1177 1054 1262 neglegenter
1081 1179 1169 1244 incu-

157 1265 305 1348 rioseque
330 1266 384 1344 eis,
408 1287 488 1349 quae
507 1289 526 1330 a
545 1265 692 1350 Peyrone
712 1268 889 1349 acceperat,
911 1287 988 1331 usus
1006 1266 1060 1351 sit,
1083 1267 1170 1331 infra

131 1373 196 1416 ‘cx
218 1357 343 1419 onetur.

195 1375 217 1436 p
247 1438 382 1506 Crimini
399 1442 502 1527 igitur
519 1443 662 1508 dandum
677 1447 730 1508 cst
745 1465 820 1509 cum
839 1441 989 1526 Peyroni‚
1012 1447 1082 1506 tum
1101 1441 1167 1506 An·

157 1529 230 1612 gelo
249 1528 346 1615 Maio,
370 1531 400 1596 ei
422 1531 495 1616 ipsi,
518 1534 573 1618 qui
592 1534 715 1618 primus
735 1532 853 1597 Iulium
869 1530 1036 1596 Valerium
1056 1529 1170 1615 edidit,

158 1617 242 1701 quod
271 1619 368 1704 longe
399 1621 541 1705 optimus
571 1621 666 1686 huius
697 1621 867 1703 scriptoris
896 1620 998 1684 codex
1023 1620 1170 1706 graviter

156 1713 326 1790 corruptus
354 1716 413 1775 est.
462 1710 548 1775 Nam
577 1730 658 1792 quae
687 1709 871 1771 etiamnunc
900 1708 934 1771 in
960 1730 1000 1772 eo
1027 1712 1170 1792 resistant,

156 1817 196 1859 ea
217 1796 410 1860 difficillima
438 1801 516 1862 sunt
539 1795 635 1860 lectu.
679 1793 755 1878 Ipse
780 1795 913 1857 ineunte
935 1795 998 1859 hoc
1022 1818 1106 1862 anuo
1128 1797 1172 1860 ti-

157 1884 251 1948 brum
274 1883 505 1948 Tudrinensem
530 1883 596 1947 adii
615 1886 659 1966 et,
683 1882 788 1966 quoad
813 1881 943 1964 quidem
964 1883 1031 1966 tegi
1054 1883 1170 1966 possit,

157 1975 311 2036 excutere
327 1971 443 2036 studui.
474 1972 581 2055 Atque
601 1974 731 2036 exstant
750 1969 855 2034 adhuc
872 1969 952 2034 toiia
973 1971 1100 2054 integra
1114 1971 1167 2054 35,

156 2059 237 2124 folia
260 2058 429 2123 dimidiata
452 2059 482 2141 7,
508 2060 618 2124 omnia
641 2060 727 2124 sucis
751 2057 851 2123 acidis
875 2059 987 2124 tincta.
1032 2057 1172 2124 Videtur

157 2150 264 2212 autem
292 2145 420 2230 Peyron
448 2147 711 2231 adscripturum
741 2146 925 2211 inferiorem
955 2147 1169 2213 revocandam

157 2236 291 2300 diversis
315 2236 562 2301 medicamentis
585 2258 663 2301 usus
687 2257 766 2301 csse.
809 2233 894 2300 Nam
918 2235 1071 2301 foliorum
1096 2237 1169 2302 aliis

157 2325 247 2390 color
270 2328 319 2389 est
337 2323 459 2408 viridis,
483 2326 556 2389 aliis
577 2326 755 2409 caeruleus3
776 2324 882 2388 multa
901 2324 989 2404 folia,
1012 2346 1085 2390 cum
1105 2325 1170 2391 nisi

41 2411 59 2424 '
156 2436 220 2500 qua
248 2412 505 2499 fragmentorum
532 2414 652 2480 codicis
680 2413 897 2478 Theodosiani
927 2415 1089 2499 scriptura
1117 2437 1171 2479 ex·

157 2507 275 2588 staret,
304 2506 402 2568 unda
432 2525 499 2568 non
528 2504 609 2588 sint,
638 2503 674 2566 in
703 2501 850 2587 margine
879 2503 1021 2567 colorem
1049 2503 1169 2568 flauum

156 2591 363 2656 membranae
382 2592 598 2676 retinuerunt,
622 2592 757 2656 aliorum
781 2594 852 2655 tota
874 2591 973 2656 facies
996 2612 1075 2656 suco
1096 2592 1171 2656 che·
1208 2624 1212 2628 ·

157 2682 241 2746 mico
270 2680 440 2763 superfusa
459 2685 527 2747 est.
574 2679 655 2746 Sunt
684 2679 840 2765 quaedam
869 2679 961 2762 folia,
989 2681 1024 2743 in
1053 2679 1171 2764 quibus

157 2768 269 2834 omnia
293 2767 473 2851 scripturae
492 2769 683 2852 posterioris
702 2767 802 2832 verba
824 2766 891 2851 legi
910 2769 1046 2852 possint,
1068 2767 1171 2851 plura,

57 2907 71 2933 .
157 2879 294 2942 quorum
319 2857 481 2940 scriptura
503 2861 631 2922 tantum
658 2857 693 2922 in
716 2855 919 2940 marginibus
946 2859 1171 2941 cognoscatur,

155 2945 327 3028 nonnulla,
354 2945 529 3027 inquibus
558 2947 730 3010 verborum
758 2943 835 3008 Iulii
857 2943 982 3010 Valerii
1008 2966 1067 3009 nec
1094 2945 1171 3010 vota

156 3055 214 3100 nec
232 3032 406 3118 vestigium
426 3033 555 3100 rest‘tit.
592 3033 687 3100 Folia
704 3054 788 3098 nunc
808 3031 1020 3117 compagibus
1040 3037 1170 3117 quater·

157 3123 290 3190 nionum
308 3121 425 3188 solutis
439 3122 601 3206 explicata
619 3127 716 3206 atque
731 3122 770 3186 in
783 3124 925 3186 caerem
940 3121 1077 3185 formam
1094 3143 1169 3186 eam

245 3370 271 3435 1)
290 3365 400 3421 Prodiit
412 3365 548 3436 Peyronis
567 3365 655 3421 editio
674 3366 895 3436 fragmentorum
914 3364 1024 3420 Codicis
1040 3363 1170 3420 Theodo-

155 3438 228 3494 siani
251 3438 395 3505 Augustae
419 3436 531 3492 Tauria.
556 3441 727 3493 ann01823.
765 3438 868 3492 Postea
891 3437 988 3491 eadem
1011 3435 1173 3505 fragmenta

154 3506 503 3637 ibiibmtiairbieddbet
527 3523 544 3561 a
567 3508 710 3579 Kruegero
733 3507 763 3561 in
782 3507 861 3563 Actis
879 3505 1047 3562 Academiae
1066 3505 1172 3562 Beroli-
