<?xml version="1.0" encoding="UTF-8"?>
<!DOCTYPE html PUBLIC "-//W3C//DTD XHTML 1.0 Transitional//EN"
    "http://www.w3.org/TR/xhtml1/DTD/xhtml1-transitional.dtd">
<html xmlns="http://www.w3.org/1999/xhtml" xml:lang="en" lang="en">
 <head>
  <title>
</title>
<meta http-equiv="Content-Type" content="text/html;charset=utf-8" />
  <meta name='ocr-system' content='tesseract 3.04.00' />
  <meta name='ocr-capabilities' content='ocr_page ocr_carea ocr_par ocr_line ocrx_word'/>
</head>
<body>
  <div class='ocr_page' id='page_1' title='image "./iulivalerialexa00kbgoog_0231.png"; bbox 0 0 2622 3932; ppageno 0'>
   <div class='ocr_carea' id='block_1_1' title="bbox 156 188 1044 258">
    <p class='ocr_par' dir='ltr' id='par_1_1' title="bbox 156 188 1044 258">
     <span class='ocr_line' id='line_1_1' title="bbox 156 188 1044 258; baseline -0.002 -12"><span class='ocrx_word' id='word_1_1' title='bbox 156 191 222 258; x_wconf 83' lang='lat'>194</span> <span class='ocrx_word' id='word_1_2' title='bbox 275 190 454 248; x_wconf 82' lang='lat' dir='ltr'><strong>EPISTOLA</strong></span> <span class='ocrx_word' id='word_1_3' title='bbox 472 188 687 246; x_wconf 77' lang='lat' dir='ltr'>Annxannnl</span> <span class='ocrx_word' id='word_1_4' title='bbox 707 189 757 244; x_wconf 86' lang='lat' dir='ltr'>AD</span> <span class='ocrx_word' id='word_1_5' title='bbox 776 189 1044 246; x_wconf 81' lang='lat' dir='ltr'><strong>ARISTOTELEM.</strong></span> 
     </span>
    </p>
   </div>
   <div class='ocr_carea' id='block_1_2' title="bbox 114 353 1172 2832">
    <p class='ocr_par' dir='ltr' id='par_1_2' title="bbox 114 353 1172 2832">
     <span class='ocr_line' id='line_1_2' title="bbox 155 353 1169 438; baseline -0.002 -18"><span class='ocrx_word' id='word_1_6' title='bbox 155 354 311 438; x_wconf 85' lang='lat' dir='ltr'>silvisque</span> <span class='ocrx_word' id='word_1_7' title='bbox 334 375 371 418; x_wconf 89' lang='lat' dir='ltr'>ac</span> <span class='ocrx_word' id='word_1_8' title='bbox 393 353 559 420; x_wconf 88' lang='lat' dir='ltr'>montibus</span> <span class='ocrx_word' id='word_1_9' title='bbox 578 353 782 431; x_wconf 75' lang='lat' dir='ltr'>habitabant,</span> <span class='ocrx_word' id='word_1_10' title='bbox 803 374 973 418; x_wconf 87' lang='lat' dir='ltr'>nemorum</span> <span class='ocrx_word' id='word_1_11' title='bbox 997 356 1055 418; x_wconf 87' lang='lat' dir='ltr'>aut</span> <span class='ocrx_word' id='word_1_12' title='bbox 1078 374 1169 418; x_wconf 89' lang='lat' dir='ltr'>saxo-</span> 
     </span>
     <span class='ocr_line' id='line_1_3' title="bbox 154 440 1170 526; baseline -0.002 -18"><span class='ocrx_word' id='word_1_13' title='bbox 154 465 227 509; x_wconf 85' lang='lat' dir='ltr'>rum</span> <span class='ocrx_word' id='word_1_14' title='bbox 257 441 392 508; x_wconf 85' lang='lat' dir='ltr'>latebris</span> <span class='ocrx_word' id='word_1_15' title='bbox 423 442 595 508; x_wconf 86' lang='lat' dir='ltr'>occultata.</span> <span class='ocrx_word' id='word_1_16' title='bbox 646 440 710 508; x_wconf 82' lang='lat' dir='ltr'>Sed</span> <span class='ocrx_word' id='word_1_17' title='bbox 741 463 818 526; x_wconf 89' lang='lat' dir='ltr'>ego,</span> <span class='ocrx_word' id='word_1_18' title='bbox 849 445 888 505; x_wconf 91' lang='lat' dir='ltr'>ut</span> <span class='ocrx_word' id='word_1_19' title='bbox 917 442 1096 526; x_wconf 81' lang='lat' dir='ltr'><strong>fugientem</strong></span> <span class='ocrx_word' id='word_1_20' title='bbox 1130 463 1170 506; x_wconf 87' lang='lat' dir='ltr'>ex</span> 
     </span>
     <span class='ocr_line' id='line_1_4' title="bbox 154 529 1171 616; baseline -0.002 -20"><span class='ocrx_word' id='word_1_21' title='bbox 154 531 280 616; x_wconf 90' lang='lat' dir='ltr'>proelio</span> <span class='ocrx_word' id='word_1_22' title='bbox 310 551 421 616; x_wconf 86' lang='lat' dir='ltr'>regem</span> <span class='ocrx_word' id='word_1_23' title='bbox 443 529 562 596; x_wconf 89' lang='lat' dir='ltr'>Porum</span> <span class='ocrx_word' id='word_1_24' title='bbox 588 529 730 614; x_wconf 87' lang='lat' dir='ltr'>primum</span> <span class='ocrx_word' id='word_1_25' title='bbox 757 531 965 614; x_wconf 88' lang='lat' dir='ltr'>adsequerer,</span> <span class='ocrx_word' id='word_1_26' title='bbox 997 533 1171 614; x_wconf 88' lang='lat' dir='ltr'>antequam</span> 
     </span>
     <span class='ocr_line' id='line_1_5' title="bbox 155 619 1170 703; baseline -0.001 -19"><span class='ocrx_word' id='word_1_27' title='bbox 155 622 189 686; x_wconf 89' lang='lat' dir='ltr'>in</span> <span class='ocrx_word' id='word_1_28' title='bbox 220 620 365 686; x_wconf 87' lang='lat' dir='ltr'>desertas</span> <span class='ocrx_word' id='word_1_29' title='bbox 398 619 486 684; x_wconf 89' lang='lat' dir='ltr'>orbis</span> <span class='ocrx_word' id='word_1_30' title='bbox 518 623 679 684; x_wconf 85' lang='lat' dir='ltr'>terrarum</span> <span class='ocrx_word' id='word_1_31' title='bbox 711 620 817 684; x_wconf 88' lang='lat' dir='ltr'>abiret</span> <span class='ocrx_word' id='word_1_32' title='bbox 846 619 1052 703; x_wconf 75' lang='lat' dir='ltr'>solitudines,</span> <span class='ocrx_word' id='word_1_33' title='bbox 1084 639 1170 684; x_wconf 89' lang='lat' dir='ltr'>com·</span> 
     </span>
     <span class='ocr_line' id='line_1_6' title="bbox 128 706 1171 794; baseline 0.002 -24"><span class='ocrx_word' id='word_1_34' title='bbox 128 709 313 794; x_wconf 82' lang='lat' dir='ltr'>spandiosa</span> <span class='ocrx_word' id='word_1_35' title='bbox 336 729 434 793; x_wconf 88' lang='lat' dir='ltr'>quam</span> <span class='ocrx_word' id='word_1_36' title='bbox 451 709 527 772; x_wconf 90' lang='lat' dir='ltr'>tuta</span> <span class='ocrx_word' id='word_1_37' title='bbox 548 708 666 772; x_wconf 87' lang='lat' dir='ltr'>itinera</span> <span class='ocrx_word' id='word_1_38' title='bbox 689 708 795 793; x_wconf 88' lang='lat' dir='ltr'>magis</span> <span class='ocrx_word' id='word_1_39' title='bbox 819 708 938 792; x_wconf 85' lang='lat' dir='ltr'>eligere</span> <span class='ocrx_word' id='word_1_40' title='bbox 962 708 1070 773; x_wconf 90' lang='lat' dir='ltr'>malui.</span> <span class='ocrx_word' id='word_1_41' title='bbox 1106 706 1171 772; x_wconf 80' lang='lat' dir='ltr'>Ae-</span> 
     </span>
     <span class='ocr_line' id='line_1_7' title="bbox 156 795 1171 883; baseline -0.003 -19"><span class='ocrx_word' id='word_1_42' title='bbox 156 797 259 882; x_wconf 90' lang='lat' dir='ltr'>ceptis</span> <span class='ocrx_word' id='word_1_43' title='bbox 281 797 384 883; x_wconf 88' lang='lat' dir='ltr'>igitur</span> <span class='ocrx_word' id='word_1_44' title='bbox 407 801 536 862; x_wconf 89' lang='lat' dir='ltr'>centum</span> <span class='ocrx_word' id='word_1_45' title='bbox 561 797 798 882; x_wconf 86' lang='lat' dir='ltr'>quinquaginta</span> <span class='ocrx_word' id='word_1_46' title='bbox 820 797 965 880; x_wconf 90' lang='lat' dir='ltr'>ducibus,</span> <span class='ocrx_word' id='word_1_47' title='bbox 988 795 1044 882; x_wconf 90' lang='lat' dir='ltr'>qui</span> <span class='ocrx_word' id='word_1_48' title='bbox 1066 796 1171 861; x_wconf 86' lang='lat' dir='ltr'>brevi·</span> 
     </span>
     <span class='ocr_line' id='line_1_8' title="bbox 154 885 1171 971; baseline -0.002 -19"><span class='ocrx_word' id='word_1_49' title='bbox 154 891 241 952; x_wconf 88' lang='lat' dir='ltr'>tates</span> <span class='ocrx_word' id='word_1_50' title='bbox 264 887 418 951; x_wconf 90' lang='lat' dir='ltr'>itinerum</span> <span class='ocrx_word' id='word_1_51' title='bbox 434 890 602 968; x_wconf 78' lang='lat' dir='ltr'>noverant,</span> <span class='ocrx_word' id='word_1_52' title='bbox 625 908 735 951; x_wconf 87' lang='lat' dir='ltr'>mense</span> <span class='ocrx_word' id='word_1_53' title='bbox 755 885 906 971; x_wconf 85' lang='lat' dir='ltr'>Augusto</span> <span class='ocrx_word' id='word_1_54' title='bbox 929 885 1171 968; x_wconf 78' lang='lat' dir='ltr'>persorventes</span> 
     </span>
     <span class='ocr_line' id='line_1_9' title="bbox 156 974 1171 1059; baseline -0.005 -18"><span class='ocrx_word' id='word_1_55' title='bbox 156 976 225 1041; x_wconf 89' lang='lat' dir='ltr'>sole</span> <span class='ocrx_word' id='word_1_56' title='bbox 249 975 388 1040; x_wconf 87' lang='lat' dir='ltr'>harenas</span> <span class='ocrx_word' id='word_1_57' title='bbox 416 977 449 1039; x_wconf 92' lang='lat' dir='ltr'>et</span> <span class='ocrx_word' id='word_1_58' title='bbox 473 975 604 1059; x_wconf 81' lang='lat' dir='ltr'>egentia</span> <span class='ocrx_word' id='word_1_59' title='bbox 626 975 773 1040; x_wconf 90' lang='lat' dir='ltr'>humoris</span> <span class='ocrx_word' id='word_1_60' title='bbox 801 975 873 1040; x_wconf 85' lang='lat' dir='ltr'>loca</span> <span class='ocrx_word' id='word_1_61' title='bbox 896 974 1059 1057; x_wconf 90' lang='lat' dir='ltr'>profectus</span> <span class='ocrx_word' id='word_1_62' title='bbox 1089 995 1171 1059; x_wconf 91' lang='lat' dir='ltr'>sum,</span> 
     </span>
     <span class='ocr_line' id='line_1_10' title="bbox 155 1061 1168 1148; baseline -0.002 -20"><span class='ocrx_word' id='word_1_63' title='bbox 155 1064 322 1148; x_wconf 91' lang='lat' dir='ltr'>pollicitus</span> <span class='ocrx_word' id='word_1_64' title='bbox 344 1062 396 1128; x_wconf 91' lang='lat' dir='ltr'>his</span> <span class='ocrx_word' id='word_1_65' title='bbox 419 1062 576 1147; x_wconf 86' lang='lat' dir='ltr'>praemia,</span> <span class='ocrx_word' id='word_1_66' title='bbox 599 1063 655 1147; x_wconf 89' lang='lat' dir='ltr'>qui</span> <span class='ocrx_word' id='word_1_67' title='bbox 676 1085 738 1129; x_wconf 94' lang='lat' dir='ltr'>nos</span> <span class='ocrx_word' id='word_1_68' title='bbox 761 1063 858 1148; x_wconf 87' lang='lat' dir='ltr'>periti</span> <span class='ocrx_word' id='word_1_69' title='bbox 881 1062 1053 1146; x_wconf 90' lang='lat' dir='ltr'>regionum</span> <span class='ocrx_word' id='word_1_70' title='bbox 1075 1061 1168 1127; x_wconf 90' lang='lat' dir='ltr'>duce-</span> 
     </span>
     <span class='ocr_line' id='line_1_11' title="bbox 116 1150 1171 1236; baseline 0.001 -23"><span class='ocrx_word' id='word_1_71' title='bbox 116 1173 141 1214; x_wconf 93' lang='lat' dir='ltr'>1o</span> <span class='ocrx_word' id='word_1_72' title='bbox 155 1153 237 1218; x_wconf 87' lang='lat' dir='ltr'>bant</span> <span class='ocrx_word' id='word_1_73' title='bbox 259 1153 294 1217; x_wconf 87' lang='lat' dir='ltr'>in</span> <span class='ocrx_word' id='word_1_74' title='bbox 317 1152 431 1236; x_wconf 89' lang='lat' dir='ltr'>ignota</span> <span class='ocrx_word' id='word_1_75' title='bbox 453 1150 566 1217; x_wconf 81' lang='lat' dir='ltr'>indiae</span> <span class='ocrx_word' id='word_1_76' title='bbox 588 1152 674 1236; x_wconf 89' lang='lat' dir='ltr'>loca,</span> <span class='ocrx_word' id='word_1_77' title='bbox 702 1152 731 1217; x_wconf 92' lang='lat' dir='ltr'>si</span> <span class='ocrx_word' id='word_1_78' title='bbox 757 1173 809 1216; x_wconf 89' lang='lat' dir='ltr'>me</span> <span class='ocrx_word' id='word_1_79' title='bbox 837 1151 990 1216; x_wconf 90' lang='lat' dir='ltr'>incolumi</span> <span class='ocrx_word' id='word_1_80' title='bbox 1020 1172 1093 1216; x_wconf 88' lang='lat' dir='ltr'>cum</span> <span class='ocrx_word' id='word_1_81' title='bbox 1120 1171 1171 1214; x_wconf 89' lang='lat' dir='ltr'>cx·</span> 
     </span>
     <span class='ocr_line' id='line_1_12' title="bbox 155 1239 1170 1325; baseline -0.003 -18"><span class='ocrx_word' id='word_1_82' title='bbox 155 1242 257 1307; x_wconf 89' lang='lat' dir='ltr'>ercitn</span> <span class='ocrx_word' id='word_1_83' title='bbox 285 1241 319 1305; x_wconf 92' lang='lat' dir='ltr'>in</span> <span class='ocrx_word' id='word_1_84' title='bbox 343 1239 535 1305; x_wconf 89' lang='lat' dir='ltr'>Bactriacen</span> <span class='ocrx_word' id='word_1_85' title='bbox 563 1240 789 1324; x_wconf 82' lang='lat' dir='ltr'>perduxissent</span> <span class='ocrx_word' id='word_1_86' title='bbox 816 1240 946 1325; x_wconf 89' lang='lat' dir='ltr'>penitus</span> <span class='ocrx_word' id='word_1_87' title='bbox 972 1240 1013 1304; x_wconf 91' lang='lat' dir='ltr'>ad</span> <span class='ocrx_word' id='word_1_88' title='bbox 1041 1239 1170 1304; x_wconf 89' lang='lat' dir='ltr'>abditos</span> 
     </span>
     <span class='ocr_line' id='line_1_13' title="bbox 156 1327 1170 1414; baseline -0.001 -19"><span class='ocrx_word' id='word_1_89' title='bbox 156 1329 260 1414; x_wconf 82' lang='lat' dir='ltr'>Seres,</span> <span class='ocrx_word' id='word_1_90' title='bbox 278 1329 364 1413; x_wconf 91' lang='lat' dir='ltr'>quod</span> <span class='ocrx_word' id='word_1_91' title='bbox 380 1348 484 1414; x_wconf 87' lang='lat' dir='ltr'>genus</span> <span class='ocrx_word' id='word_1_92' title='bbox 503 1329 672 1394; x_wconf 89' lang='lat' dir='ltr'>bominum</span> <span class='ocrx_word' id='word_1_93' title='bbox 690 1329 779 1396; x_wconf 82' lang='lat' dir='ltr'>foliis</span> <span class='ocrx_word' id='word_1_94' title='bbox 798 1329 950 1394; x_wconf 90' lang='lat' dir='ltr'>arborum</span> <span class='ocrx_word' id='word_1_95' title='bbox 970 1327 1170 1412; x_wconf 86' lang='lat' dir='ltr'>decerpendo</span> 
     </span>
     <span class='ocr_line' id='line_1_14' title="bbox 154 1413 1169 1502; baseline -0.003 -20"><span class='ocrx_word' id='word_1_96' title='bbox 154 1418 343 1502; x_wconf 83' lang='lat' dir='ltr'>lanuginem</span> <span class='ocrx_word' id='word_1_97' title='bbox 371 1439 410 1483; x_wconf 85' lang='lat' dir='ltr'>er</span> <span class='ocrx_word' id='word_1_98' title='bbox 438 1417 580 1483; x_wconf 80' lang='lat' dir='ltr'>silvestri</span> <span class='ocrx_word' id='word_1_99' title='bbox 607 1419 729 1486; x_wconf 64' lang='lat' dir='ltr'>velle!</span> <span class='ocrx_word' id='word_1_100' title='bbox 752 1421 859 1483; x_wconf 83' lang='lat' dir='ltr'>vestes</span> <span class='ocrx_word' id='word_1_101' title='bbox 891 1417 1054 1482; x_wconf 90' lang='lat' dir='ltr'>detexunt.</span> <span class='ocrx_word' id='word_1_102' title='bbox 1106 1413 1169 1482; x_wconf 85' lang='lat' dir='ltr'>Sed</span> 
     </span>
     <span class='ocr_line' id='line_1_15' title="bbox 155 1505 1169 1592; baseline -0.003 -20"><span class='ocrx_word' id='word_1_103' title='bbox 155 1507 205 1572; x_wconf 91' lang='lat' dir='ltr'>illi</span> <span class='ocrx_word' id='word_1_104' title='bbox 225 1508 379 1573; x_wconf 89' lang='lat' dir='ltr'>maiorem</span> <span class='ocrx_word' id='word_1_105' title='bbox 398 1506 486 1572; x_wconf 91' lang='lat' dir='ltr'>hosti</span> <span class='ocrx_word' id='word_1_106' title='bbox 508 1529 606 1592; x_wconf 88' lang='lat' dir='ltr'>qnam</span> <span class='ocrx_word' id='word_1_107' title='bbox 624 1507 705 1572; x_wconf 89' lang='lat' dir='ltr'>mihi</span> <span class='ocrx_word' id='word_1_108' title='bbox 723 1507 869 1572; x_wconf 77' lang='lat' dir='ltr'>fauorem</span> <span class='ocrx_word' id='word_1_109' title='bbox 889 1505 1169 1571; x_wconf 78' lang='lat' dir='ltr'>accommodantes</span> 
     </span>
     <span class='ocr_line' id='line_1_16' title="bbox 117 1593 1172 1682; baseline -0.002 -24"><span class='ocrx_word' id='word_1_110' title='bbox 117 1617 143 1658; x_wconf 85' lang='lat' dir='ltr'>rs</span> <span class='ocrx_word' id='word_1_111' title='bbox 157 1596 311 1680; x_wconf 87' lang='lat' dir='ltr'>perficere</span> <span class='ocrx_word' id='word_1_112' title='bbox 334 1597 527 1682; x_wconf 71' lang='lat' dir='ltr'>pergebant,</span> <span class='ocrx_word' id='word_1_113' title='bbox 555 1598 592 1662; x_wconf 90' lang='lat' dir='ltr'>ut</span> <span class='ocrx_word' id='word_1_114' title='bbox 619 1618 679 1662; x_wconf 91' lang='lat' dir='ltr'>nos</span> <span class='ocrx_word' id='word_1_115' title='bbox 707 1597 742 1660; x_wconf 90' lang='lat' dir='ltr'>in</span> <span class='ocrx_word' id='word_1_116' title='bbox 769 1595 948 1660; x_wconf 78' lang='lat' dir='ltr'>exitiabilis</span> <span class='ocrx_word' id='word_1_117' title='bbox 972 1593 1172 1678; x_wconf 77' lang='lat' dir='ltr'>serpentium</span> 
     </span>
     <span class='ocr_line' id='line_1_17' title="bbox 158 1681 1170 1769; baseline -0.004 -19"><span class='ocrx_word' id='word_1_118' title='bbox 158 1688 190 1750; x_wconf 90' lang='lat' dir='ltr'>ct</span> <span class='ocrx_word' id='word_1_119' title='bbox 213 1685 328 1751; x_wconf 87' lang='lat' dir='ltr'>rabida</span> <span class='ocrx_word' id='word_1_120' title='bbox 352 1684 522 1750; x_wconf 89' lang='lat' dir='ltr'>beluarum</span> <span class='ocrx_word' id='word_1_121' title='bbox 540 1683 744 1769; x_wconf 85' lang='lat' dir='ltr'>ferarumque</span> <span class='ocrx_word' id='word_1_122' title='bbox 767 1704 887 1769; x_wconf 91' lang='lat' dir='ltr'>genera</span> <span class='ocrx_word' id='word_1_123' title='bbox 909 1684 1041 1768; x_wconf 88' lang='lat' dir='ltr'>ignaros</span> <span class='ocrx_word' id='word_1_124' title='bbox 1064 1681 1170 1768; x_wconf 90' lang='lat' dir='ltr'>regio-</span> 
     </span>
     <span class='ocr_line' id='line_1_18' title="bbox 156 1771 1171 1857; baseline -0.004 -19"><span class='ocrx_word' id='word_1_125' title='bbox 156 1796 235 1838; x_wconf 91' lang='lat' dir='ltr'>num</span> <span class='ocrx_word' id='word_1_126' title='bbox 263 1773 465 1857; x_wconf 85' lang='lat' dir='ltr'>inducerent,</span> <span class='ocrx_word' id='word_1_127' title='bbox 495 1774 581 1857; x_wconf 88' lang='lat' dir='ltr'>quod</span> <span class='ocrx_word' id='word_1_128' title='bbox 609 1773 684 1839; x_wconf 88' lang='lat' dir='ltr'>illos</span> <span class='ocrx_word' id='word_1_129' title='bbox 713 1773 915 1856; x_wconf 77' lang='lat' dir='ltr'>excogitasse</span> <span class='ocrx_word' id='word_1_130' title='bbox 942 1794 981 1836; x_wconf 89' lang='lat' dir='ltr'>ex</span> <span class='ocrx_word' id='word_1_131' title='bbox 1007 1771 1089 1855; x_wconf 88' lang='lat' dir='ltr'>ipsis</span> <span class='ocrx_word' id='word_1_132' title='bbox 1118 1792 1171 1835; x_wconf 92' lang='lat' dir='ltr'>ex·</span> 
     </span>
     <span class='ocr_line' id='line_1_19' title="bbox 155 1861 1171 2034; baseline -0.003 -20"><span class='ocrx_word' id='word_1_133' title='bbox 155 1861 964 2034; x_wconf 52' lang='lat' dir='ltr'>ditata?“lttnlutltl.⁰⁸.tt{.:t</span> <span class='ocrx_word' id='word_1_134' title='bbox 982 1862 1171 2014; x_wconf 64' lang='lat' dir='ltr'>ltdtt</span> 
     </span>
     <span class='ocr_line' id='line_1_20' title="bbox 115 2035 1171 2123; baseline -0.003 -21"><span class='ocrx_word' id='word_1_135' title='bbox 115 2062 143 2102; x_wconf 85' lang='lat' dir='ltr'>ao</span> <span class='ocrx_word' id='word_1_136' title='bbox 155 2038 280 2122; x_wconf 88' lang='lat' dir='ltr'>pariter</span> <span class='ocrx_word' id='word_1_137' title='bbox 298 2041 331 2103; x_wconf 88' lang='lat' dir='ltr'>et</span> <span class='ocrx_word' id='word_1_138' title='bbox 350 2035 544 2122; x_wconf 76' lang='lat' dir='ltr'>Caspiorum</span> <span class='ocrx_word' id='word_1_139' title='bbox 561 2039 739 2123; x_wconf 91' lang='lat' dir='ltr'>hominum,</span> <span class='ocrx_word' id='word_1_140' title='bbox 758 2039 815 2123; x_wconf 89' lang='lat' dir='ltr'>qni</span> <span class='ocrx_word' id='word_1_141' title='bbox 833 2038 1062 2122; x_wconf 78' lang='lat' dir='ltr'>praedixerant</span> <span class='ocrx_word' id='word_1_142' title='bbox 1079 2036 1171 2119; x_wconf 87' lang='lat' dir='ltr'>mihi,</span> 
     </span>
     <span class='ocr_line' id='line_1_21' title="bbox 154 2125 1169 2212; baseline -0.003 -20"><span class='ocrx_word' id='word_1_143' title='bbox 154 2149 196 2192; x_wconf 89' lang='lat' dir='ltr'>ne</span> <span class='ocrx_word' id='word_1_144' title='bbox 223 2126 271 2192; x_wconf 87' lang='lat' dir='ltr'>ita</span> <span class='ocrx_word' id='word_1_145' title='bbox 298 2125 488 2192; x_wconf 81' lang='lat' dir='ltr'>festinarem</span> <span class='ocrx_word' id='word_1_146' title='bbox 510 2127 652 2212; x_wconf 84' lang='lat' dir='ltr'>vincere,</span> <span class='ocrx_word' id='word_1_147' title='bbox 679 2149 720 2193; x_wconf 89' lang='lat' dir='ltr'>ne</span> <span class='ocrx_word' id='word_1_148' title='bbox 748 2127 829 2192; x_wconf 91' lang='lat' dir='ltr'>mihi</span> <span class='ocrx_word' id='word_1_149' title='bbox 856 2127 923 2192; x_wconf 92' lang='lat' dir='ltr'>ullo</span> <span class='ocrx_word' id='word_1_150' title='bbox 951 2126 1047 2191; x_wconf 92' lang='lat' dir='ltr'>modo</span> <span class='ocrx_word' id='word_1_151' title='bbox 1072 2126 1169 2190; x_wconf 90' lang='lat' dir='ltr'>inter·</span> 
     </span>
     <span class='ocr_line' id='line_1_22' title="bbox 155 2213 1170 2302; baseline -0.004 -20"><span class='ocrx_word' id='word_1_152' title='bbox 155 2215 307 2282; x_wconf 84' lang='lat' dir='ltr'>veniente</span> <span class='ocrx_word' id='word_1_153' title='bbox 335 2213 510 2302; x_wconf 82' lang='lat' dir='ltr'>adimenda</span> <span class='ocrx_word' id='word_1_154' title='bbox 537 2221 623 2282; x_wconf 89' lang='lat' dir='ltr'>esset</span> <span class='ocrx_word' id='word_1_155' title='bbox 645 2215 799 2301; x_wconf 85' lang='lat' dir='ltr'>victoria,</span> <span class='ocrx_word' id='word_1_156' title='bbox 825 2215 984 2300; x_wconf 86' lang='lat' dir='ltr'>imperavi</span> <span class='ocrx_word' id='word_1_157' title='bbox 1011 2214 1170 2279; x_wconf 82' lang='lat' dir='ltr'>militibus</span> 
     </span>
     <span class='ocr_line' id='line_1_23' title="bbox 156 2304 1170 2389; baseline -0.002 -21"><span class='ocrx_word' id='word_1_158' title='bbox 156 2304 236 2369; x_wconf 89' lang='lat' dir='ltr'>meis</span> <span class='ocrx_word' id='word_1_159' title='bbox 267 2304 433 2389; x_wconf 88' lang='lat' dir='ltr'>omnibns,</span> <span class='ocrx_word' id='word_1_160' title='bbox 465 2307 502 2369; x_wconf 94' lang='lat' dir='ltr'>ut</span> <span class='ocrx_word' id='word_1_161' title='bbox 534 2305 631 2371; x_wconf 87' lang='lat' dir='ltr'>armis</span> <span class='ocrx_word' id='word_1_162' title='bbox 664 2305 770 2370; x_wconf 90' lang='lat' dir='ltr'>induti</span> <span class='ocrx_word' id='word_1_163' title='bbox 803 2325 920 2389; x_wconf 87' lang='lat' dir='ltr'>agmen</span> <span class='ocrx_word' id='word_1_164' title='bbox 951 2307 1170 2388; x_wconf 86' lang='lat' dir='ltr'>sequerentur,</span> 
     </span>
     <span class='ocr_line' id='line_1_24' title="bbox 155 2393 1170 2478; baseline -0.002 -21"><span class='ocrx_word' id='word_1_165' title='bbox 155 2396 323 2477; x_wconf 86' lang='lat' dir='ltr'>practerea</span> <span class='ocrx_word' id='word_1_166' title='bbox 350 2415 423 2458; x_wconf 90' lang='lat' dir='ltr'>cum</span> <span class='ocrx_word' id='word_1_167' title='bbox 452 2395 522 2458; x_wconf 89' lang='lat' dir='ltr'>auri</span> <span class='ocrx_word' id='word_1_168' title='bbox 551 2415 590 2459; x_wconf 89' lang='lat' dir='ltr'>cx</span> <span class='ocrx_word' id='word_1_169' title='bbox 618 2394 736 2478; x_wconf 88' lang='lat' dir='ltr'>rapina</span> <span class='ocrx_word' id='word_1_170' title='bbox 763 2393 1078 2478; x_wconf 88' lang='lat' dir='ltr'>margaritarumque</span> <span class='ocrx_word' id='word_1_171' title='bbox 1103 2412 1170 2455; x_wconf 91' lang='lat' dir='ltr'>non</span> 
     </span>
     <span class='ocr_line' id='line_1_25' title="bbox 114 2482 1170 2566; baseline 0 -22"><span class='ocrx_word' id='word_1_172' title='bbox 114 2505 141 2544; x_wconf 78' lang='lat' dir='ltr'>aa</span> <span class='ocrx_word' id='word_1_173' title='bbox 156 2504 290 2566; x_wconf 86' lang='lat' dir='ltr'>parvam</span> <span class='ocrx_word' id='word_1_174' title='bbox 311 2482 464 2566; x_wconf 88' lang='lat' dir='ltr'>praedam</span> <span class='ocrx_word' id='word_1_175' title='bbox 488 2483 644 2548; x_wconf 87' lang='lat' dir='ltr'>veherent</span> <span class='ocrx_word' id='word_1_176' title='bbox 667 2486 700 2546; x_wconf 91' lang='lat' dir='ltr'>et</span> <span class='ocrx_word' id='word_1_177' title='bbox 721 2482 901 2546; x_wconf 90' lang='lat' dir='ltr'>timendum</span> <span class='ocrx_word' id='word_1_178' title='bbox 926 2486 1025 2565; x_wconf 90' lang='lat' dir='ltr'>essct,</span> <span class='ocrx_word' id='word_1_179' title='bbox 1053 2502 1094 2545; x_wconf 89' lang='lat' dir='ltr'>ne</span> <span class='ocrx_word' id='word_1_180' title='bbox 1118 2500 1170 2544; x_wconf 91' lang='lat' dir='ltr'>oc-</span> 
     </span>
     <span class='ocr_line' id='line_1_26' title="bbox 155 2567 1171 2638; baseline -0.005 -2"><span class='ocrx_word' id='word_1_181' title='bbox 155 2572 244 2636; x_wconf 88' lang='lat' dir='ltr'>culto</span> <span class='ocrx_word' id='word_1_182' title='bbox 267 2571 380 2638; x_wconf 89' lang='lat' dir='ltr'>hostes</span> <span class='ocrx_word' id='word_1_183' title='bbox 405 2593 464 2636; x_wconf 90' lang='lat' dir='ltr'>sua</span> <span class='ocrx_word' id='word_1_184' title='bbox 489 2572 631 2636; x_wconf 89' lang='lat' dir='ltr'>ablaturi</span> <span class='ocrx_word' id='word_1_185' title='bbox 654 2571 830 2636; x_wconf 86' lang='lat' dir='ltr'>victoribus</span> <span class='ocrx_word' id='word_1_186' title='bbox 852 2570 1090 2636; x_wconf 87' lang='lat' dir='ltr'>insidiarentur.</span> <span class='ocrx_word' id='word_1_187' title='bbox 1125 2567 1171 2632; x_wconf 80' lang='lat' dir='ltr'>Et</span> 
     </span>
     <span class='ocr_line' id='line_1_27' title="bbox 156 2656 1171 2744; baseline -0.003 -21"><span class='ocrx_word' id='word_1_188' title='bbox 156 2679 233 2723; x_wconf 89' lang='lat' dir='ltr'>sane</span> <span class='ocrx_word' id='word_1_189' title='bbox 256 2659 349 2723; x_wconf 88' lang='lat' dir='ltr'>miles</span> <span class='ocrx_word' id='word_1_190' title='bbox 373 2659 420 2723; x_wconf 91' lang='lat' dir='ltr'>ita</span> <span class='ocrx_word' id='word_1_191' title='bbox 442 2660 585 2744; x_wconf 88' lang='lat' dir='ltr'>locuples</span> <span class='ocrx_word' id='word_1_192' title='bbox 609 2662 688 2743; x_wconf 84' lang='lat' dir='ltr'>erat,</span> <span class='ocrx_word' id='word_1_193' title='bbox 710 2664 748 2725; x_wconf 87' lang='lat' dir='ltr'>ut</span> <span class='ocrx_word' id='word_1_194' title='bbox 771 2660 824 2723; x_wconf 87' lang='lat' dir='ltr'>vix</span> <span class='ocrx_word' id='word_1_195' title='bbox 847 2659 929 2724; x_wconf 86' lang='lat' dir='ltr'>ferre</span> <span class='ocrx_word' id='word_1_196' title='bbox 952 2658 1079 2742; x_wconf 87' lang='lat' dir='ltr'>pondus</span> <span class='ocrx_word' id='word_1_197' title='bbox 1099 2656 1171 2721; x_wconf 89' lang='lat' dir='ltr'>auri</span> 
     </span>
     <span class='ocr_line' id='line_1_28' title="bbox 155 2748 1171 2832; baseline -0.005 -20"><span class='ocrx_word' id='word_1_198' title='bbox 155 2751 276 2830; x_wconf 89' lang='lat' dir='ltr'>posset.</span> <span class='ocrx_word' id='word_1_199' title='bbox 323 2748 507 2813; x_wconf 87' lang='lat' dir='ltr'>Accedebat</span> <span class='ocrx_word' id='word_1_200' title='bbox 535 2770 661 2832; x_wconf 90' lang='lat' dir='ltr'>qnoque</span> <span class='ocrx_word' id='word_1_201' title='bbox 690 2769 856 2813; x_wconf 88' lang='lat' dir='ltr'>armorum</span> <span class='ocrx_word' id='word_1_202' title='bbox 883 2769 949 2812; x_wconf 92' lang='lat' dir='ltr'>non</span> <span class='ocrx_word' id='word_1_203' title='bbox 973 2768 1075 2831; x_wconf 82' lang='lat' dir='ltr'>parva</span> <span class='ocrx_word' id='word_1_204' title='bbox 1099 2763 1171 2831; x_wconf 89' lang='lat' dir='ltr'>gra·</span> 
     </span>
    </p>
   </div>
   <div class='ocr_carea' id='block_1_3' title="bbox 153 2989 1171 3488">
    <p class='ocr_par' dir='ltr' id='par_1_3' title="bbox 153 2989 1171 3488">
     <span class='ocr_line' id='line_1_29' title="bbox 246 2989 1170 3064; baseline 0 -19"><span class='ocrx_word' id='word_1_205' title='bbox 246 2998 260 3045; x_wconf 93' lang='lat'>1</span> <span class='ocrx_word' id='word_1_206' title='bbox 280 2992 330 3046; x_wconf 89' lang='lat' dir='ltr'>aut</span> <span class='ocrx_word' id='word_1_207' title='bbox 348 2993 491 3064; x_wconf 90' lang='lat' dir='ltr'>saxorum]</span> <span class='ocrx_word' id='word_1_208' title='bbox 511 3008 696 3062; x_wconf 85' lang='lat' dir='ltr'>saxorumque</span> <span class='ocrx_word' id='word_1_209' title='bbox 714 2991 754 3047; x_wconf 92' lang='lat' dir='ltr'>H.</span> <span class='ocrx_word' id='word_1_210' title='bbox 800 2999 817 3046; x_wconf 85' lang='lat'>4</span> <span class='ocrx_word' id='word_1_211' title='bbox 837 2992 927 3047; x_wconf 90' lang='lat' dir='ltr'>abiret</span> <span class='ocrx_word' id='word_1_212' title='bbox 940 2989 981 3048; x_wconf 87' lang='lat' dir='ltr'>H.</span> <span class='ocrx_word' id='word_1_213' title='bbox 1006 2989 1119 3048; x_wconf 89' lang='lat' dir='ltr'>habires</span> <span class='ocrx_word' id='word_1_214' title='bbox 1133 2991 1170 3046; x_wconf 81' lang='lat' dir='ltr'>L.</span> 
     </span>
     <span class='ocr_line' id='line_1_30' title="bbox 155 3059 1169 3133; baseline -0.002 -17"><span class='ocrx_word' id='word_1_215' title='bbox 155 3061 261 3116; x_wconf 87' lang='lat' dir='ltr'>abirem</span> <span class='ocrx_word' id='word_1_216' title='bbox 281 3068 328 3118; x_wconf 85' lang='lat' dir='ltr'>cet.</span> <span class='ocrx_word' id='word_1_217' title='bbox 361 3062 561 3132; x_wconf 90' lang='lat' dir='ltr'>compendiosa</span> <span class='ocrx_word' id='word_1_218' title='bbox 578 3063 616 3118; x_wconf 90' lang='lat' dir='ltr'>H.</span> <span class='ocrx_word' id='word_1_219' title='bbox 644 3067 704 3118; x_wconf 89' lang='lat' dir='ltr'>tam</span> <span class='ocrx_word' id='word_1_220' title='bbox 727 3063 926 3133; x_wconf 86' lang='lat' dir='ltr'>compendiosa</span> <span class='ocrx_word' id='word_1_221' title='bbox 944 3067 991 3118; x_wconf 85' lang='lat' dir='ltr'>cet.</span> <span class='ocrx_word' id='word_1_222' title='bbox 1075 3067 1106 3116; x_wconf 91' lang='lat'>10</span> <span class='ocrx_word' id='word_1_223' title='bbox 1125 3059 1169 3132; x_wconf 88' lang='lat' dir='ltr'>in]</span> 
     </span>
     <span class='ocr_line' id='line_1_31' title="bbox 154 3132 1170 3217; baseline 0.002 -31"><span class='ocrx_word' id='word_1_224' title='bbox 154 3149 205 3202; x_wconf 88' lang='lat' dir='ltr'>per</span> <span class='ocrx_word' id='word_1_225' title='bbox 223 3134 261 3188; x_wconf 90' lang='lat' dir='ltr'>H.</span> <span class='ocrx_word' id='word_1_226' title='bbox 305 3133 474 3188; x_wconf 86' lang='lat' dir='ltr'>incolumem</span> <span class='ocrx_word' id='word_1_227' title='bbox 493 3133 563 3190; x_wconf 60' lang='lat' dir='ltr'>(td.</span> <span class='ocrx_word' id='word_1_228' title='bbox 619 3140 651 3217; x_wconf 77' lang='lat'>¹.¹</span> <span class='ocrx_word' id='word_1_229' title='bbox 670 3134 838 3205; x_wconf 85' lang='lat' dir='ltr'>penitusque</span> <span class='ocrx_word' id='word_1_230' title='bbox 856 3137 979 3190; x_wconf 87' lang='lat' dir='ltr'>remotas</span> <span class='ocrx_word' id='word_1_231' title='bbox 1001 3133 1037 3189; x_wconf 87' lang='lat' dir='ltr'>ad</span> <span class='ocrx_word' id='word_1_232' title='bbox 1056 3132 1170 3188; x_wconf 86' lang='lat' dir='ltr'>abditos</span> 
     </span>
     <span class='ocr_line' id='line_1_32' title="bbox 155 3202 1169 3346; baseline 0 -18"><span class='ocrx_word' id='word_1_233' title='bbox 155 3202 494 3331; x_wconf 57' lang='lat' dir='ltr'>enatasset..</span> <span class='ocrx_word' id='word_1_234' title='bbox 507 3210 546 3330; x_wconf 52' lang='grc' dir='ltr'>Β.</span> <span class='ocrx_word' id='word_1_235' title='bbox 561 3206 759 3346; x_wconf 49' lang='lat' dir='ltr'>stlte?</span> <span class='ocrx_word' id='word_1_236' title='bbox 784 3211 907 3346; x_wconf 57' lang='lat' dir='ltr'>latta</span> <span class='ocrx_word' id='word_1_237' title='bbox 922 3209 979 3330; x_wconf 76' lang='lat' dir='ltr'>n¹.⁵</span> <span class='ocrx_word' id='word_1_238' title='bbox 992 3203 1169 3344; x_wconf 58' lang='lat' dir='ltr'>§.stlat</span> 
     </span>
     <span class='ocr_line' id='line_1_33' title="bbox 156 3344 1171 3415; baseline -0.005 -13"><span class='ocrx_word' id='word_1_239' title='bbox 156 3345 223 3402; x_wconf 69' lang='lat' dir='ltr'>dP.</span> <span class='ocrx_word' id='word_1_240' title='bbox 249 3347 389 3415; x_wconf 85' lang='lat' dir='ltr'>cogitasse</span> <span class='ocrx_word' id='word_1_241' title='bbox 407 3351 455 3403; x_wconf 80' lang='lat' dir='ltr'>cet.</span> <span class='ocrx_word' id='word_1_242' title='bbox 529 3352 562 3401; x_wconf 79' lang='lat'>20</span> <span class='ocrx_word' id='word_1_243' title='bbox 580 3348 780 3415; x_wconf 85' lang='lat' dir='ltr'>praedixerunt</span> <span class='ocrx_word' id='word_1_244' title='bbox 799 3367 828 3402; x_wconf 87' lang='grc' dir='ltr'>ω.</span> <span class='ocrx_word' id='word_1_245' title='bbox 902 3354 934 3402; x_wconf 77' lang='lat'>21</span> <span class='ocrx_word' id='word_1_246' title='bbox 955 3350 987 3401; x_wconf 90' lang='lat' dir='ltr'>nt</span> <span class='ocrx_word' id='word_1_247' title='bbox 1004 3346 1083 3402; x_wconf 90' lang='lat' dir='ltr'>nullo</span> <span class='ocrx_word' id='word_1_248' title='bbox 1102 3344 1171 3400; x_wconf 90' lang='lat' dir='ltr'>dolo</span> 
     </span>
     <span class='ocr_line' id='line_1_34' title="bbox 153 3414 1170 3488; baseline 0.006 -22"><span class='ocrx_word' id='word_1_249' title='bbox 153 3414 358 3472; x_wconf 85' lang='lat' dir='ltr'>interveniente</span> <span class='ocrx_word' id='word_1_250' title='bbox 372 3417 443 3470; x_wconf 88' lang='lat' dir='ltr'>milri</span> <span class='ocrx_word' id='word_1_251' title='bbox 458 3417 592 3487; x_wconf 87' lang='lat' dir='ltr'>adempta</span> <span class='ocrx_word' id='word_1_252' title='bbox 607 3420 682 3473; x_wconf 87' lang='lat' dir='ltr'>esset</span> <span class='ocrx_word' id='word_1_253' title='bbox 691 3419 730 3472; x_wconf 88' lang='lat' dir='ltr'>H.</span> <span class='ocrx_word' id='word_1_254' title='bbox 775 3425 809 3474; x_wconf 80' lang='lat'>24</span> <span class='ocrx_word' id='word_1_255' title='bbox 826 3420 974 3488; x_wconf 89' lang='lat' dir='ltr'>practerea</span> <span class='ocrx_word' id='word_1_256' title='bbox 986 3416 1118 3486; x_wconf 88' lang='lat' dir='ltr'>quoniam</span> <span class='ocrx_word' id='word_1_257' title='bbox 1129 3416 1170 3472; x_wconf 84' lang='lat' dir='ltr'>H.</span> 
     </span>
    </p>
   </div>
   <div class='ocr_carea' id='block_1_4' title="bbox 154 3486 1171 3628">
    <p class='ocr_par' dir='ltr' id='par_1_4' title="bbox 154 3486 1171 3628">
     <span class='ocr_line' id='line_1_35' title="bbox 154 3486 1171 3554; baseline 0.005 -17"><span class='ocrx_word' id='word_1_258' title='bbox 154 3486 300 3551; x_wconf 82' lang='lat' dir='ltr'>praeterea</span> <span class='ocrx_word' id='word_1_259' title='bbox 319 3486 367 3554; x_wconf 89' lang='lat' dir='ltr'>qui</span> <span class='ocrx_word' id='word_1_260' title='bbox 378 3489 413 3543; x_wconf 90' lang='lat' dir='ltr'>B.</span> <span class='ocrx_word' id='word_1_261' title='bbox 421 3488 452 3542; x_wconf 86' lang='lat' dir='ltr'>V.</span> <span class='ocrx_word' id='word_1_262' title='bbox 497 3495 531 3542; x_wconf 75' lang='lat'>25</span> <span class='ocrx_word' id='word_1_263' title='bbox 550 3491 579 3544; x_wconf 86' lang='lat' dir='ltr'>ct</span> <span class='ocrx_word' id='word_1_264' title='bbox 593 3505 643 3546; x_wconf 76' lang='lat' dir='ltr'>orn.</span> <span class='ocrx_word' id='word_1_265' title='bbox 653 3490 693 3545; x_wconf 89' lang='lat' dir='ltr'>H.</span> <span class='ocrx_word' id='word_1_266' title='bbox 702 3489 735 3546; x_wconf 91' lang='lat' dir='ltr'>P.</span> <span class='ocrx_word' id='word_1_267' title='bbox 762 3491 873 3545; x_wconf 86' lang='lat' dir='ltr'>occulto</span> <span class='ocrx_word' id='word_1_268' title='bbox 884 3490 916 3546; x_wconf 87' lang='lat' dir='ltr'>L.</span> <span class='ocrx_word' id='word_1_269' title='bbox 923 3489 998 3546; x_wconf 89' lang='lat' dir='ltr'><strong><em>B.V.</em></strong></span> <span class='ocrx_word' id='word_1_270' title='bbox 1018 3487 1122 3545; x_wconf 85' lang='lat' dir='ltr'>occulti</span> <span class='ocrx_word' id='word_1_271' title='bbox 1134 3487 1171 3544; x_wconf 72' lang='lat' dir='ltr'>(d.</span> 
     </span>
     <span class='ocr_line' id='line_1_36' title="bbox 156 3553 770 3628; baseline 0.015 -23"><span class='ocrx_word' id='word_1_272' title='bbox 156 3553 264 3607; x_wconf 88' lang='lat' dir='ltr'>occulte</span> <span class='ocrx_word' id='word_1_273' title='bbox 284 3555 397 3610; x_wconf 80' lang='grc' dir='ltr'><em>Ο.Ρ.Η.</em></span> <span class='ocrx_word' id='word_1_274' title='bbox 471 3565 503 3612; x_wconf 78' lang='lat'>27</span> <span class='ocrx_word' id='word_1_275' title='bbox 523 3557 713 3628; x_wconf 87' lang='lat' dir='ltr'>locupletatus</span> <span class='ocrx_word' id='word_1_276' title='bbox 732 3560 770 3614; x_wconf 88' lang='lat' dir='ltr'>H.</span> 
     </span>
    </p>
   </div>
   <div class='ocr_carea' id='block_1_5' title="bbox 0 0 1316 3932">
    <p class='ocr_par' dir='ltr' id='par_1_5' title="bbox 0 0 1316 3932">
     <span class='ocr_line' id='line_1_37' title="bbox 0 0 1316 3932; baseline 0 0"><span class='ocrx_word' id='word_1_277' title='bbox 0 0 1316 3932; x_wconf 95' lang='lat' dir='ltr'> </span> 
     </span>
    </p>
   </div>
  </div>
 </body>
</html>
