2648 3922
490 254 611 311 carus
630 253 854 310 rauranum.
1136 257 1176 322 13

160 417 305 501 positum
324 416 523 482 interturbat
541 417 644 503 deque
667 438 714 500 ea,
738 417 765 481 si
790 416 866 502 quid
885 418 1047 504 inquirere
1070 420 1175 486 ourio-

161 504 229 570 sius
252 506 358 588 voles,
381 509 433 570 sat
455 505 531 590 tibi,
553 506 669 590 lector,
695 504 815 570 habeto
841 505 1000 570 Graccum
1023 505 1176 574 Favorini

160 594 289 674 librum,
313 593 370 679 qui
393 592 595 678 Omnigcnae
618 592 777 658 historiae
800 594 1061 679 superscribitur.
1101 595 1176 663 Illic

161 683 261 746 ctiam
291 683 418 767 generis
441 681 619 747 Alexandri
646 681 806 746 inveneris
831 681 961 765 seriem,
989 685 1040 748 cui
1063 687 1176 770 generi

159 770 357 856 principium
380 770 581 854 praestitisse
604 769 714 836 ferunt
735 769 900 836 Oceanum
922 771 975 835 vel
993 771 1202 857 Thetidem‚s

160 859 297 944 exinque
312 857 443 923 fluxisse
462 879 521 942 per
536 857 699 923 Acrisium
714 858 926 943 Danaumque
945 863 1041 944 atquc
1056 861 1175 927 Persea

160 948 346 1030 multosque
369 947 450 1012 alios
473 947 508 1011 in
532 946 703 1012 Perdiccae
727 967 848 1032 genera
869 947 922 1012 vel
941 948 1174 1034 Philipporum.

160 1034 243 1100 Nam
276 1056 316 1100 ne
344 1033 531 1119 Olympiadi
560 1034 690 1119 quidem
718 1056 810 1101 secus
839 1056 986 1121 propago
1017 1057 1175 1122 generosa

161 1127 226 1206 cst,
254 1124 307 1188 cui
334 1123 504 1208 diligentia
527 1123 599 1207 pari
622 1145 641 1187 a
665 1122 777 1188 mundi
799 1124 959 1208 principio
983 1144 1041 1209 per
1064 1124 1174 1191 Satur-

160 1233 238 1277 num
271 1216 367 1296 atque
393 1211 596 1296 Neptunum,
624 1215 696 1276 tum
723 1213 821 1276 ctiam
848 1211 1028 1278 Telamona
1058 1215 1174 1280 seriem
1188 1234 1212 1274 rc

161 1299 290 1384 generis
319 1302 472 1383 attexuit,
503 1300 543 1364 ad
574 1301 770 1384 tertiumque
796 1299 1049 1384 Neoptolemum
1081 1301 1175 1368 docet

160 1389 347 1472 prosapiam
388 1389 580 1471 defluxisse,
622 1389 712 1454 cuius
752 1408 832 1454 ocor
872 1389 1028 1454 Anasafia
1071 1395 1174 1456 mater

161 1475 363 1560 Olympiadis
396 1477 484 1542 cluit.
536 1476 643 1560 Igitur
673 1477 717 1545 od
746 1476 968 1542 Alexandrum
1000 1499 1091 1543 mens
1123 1502 1174 1544 re·

162 1570 278 1629 currat.

249 1653 332 1719 Erat
355 1652 484 1737 quidem
511 1653 567 1717 ille
596 1653 636 1718 ad
660 1673 772 1717 omnes
799 1652 926 1716 litteras
949 1651 1016 1717 iam
1039 1655 1172 1738 peritus,
1187 1673 1212 1715 rs

161 1745 194 1805 et
216 1741 280 1806 sibi
298 1741 435 1826 quisque
454 1739 548 1806 ludus
568 1743 602 1804 in
620 1762 719 1823 puero
738 1740 908 1823 imperiale
926 1741 1048 1825 aliquid
1067 1741 1174 1807 fuerat

159 1829 438 1896 meditamentum.
456 1826 542 1894 Nam
557 1829 660 1895 sicubi
673 1833 802 1912 tempus
816 1850 889 1894 cum
901 1829 1013 1894 labore
1022 1829 1172 1896 lectionis

161 1918 362 2001 absolverat,
388 1922 421 1982 et
447 1917 591 1983 iudicare
619 1917 735 1982 solitus
760 1917 845 1982 inter
868 1938 1047 2002 aequaevos
1072 1918 1105 1982 et
1127 1920 1173 1983 in·

161 2005 323 2090 dustriari,
348 2009 507 2090 quatenus
530 2005 617 2071 inter
640 2006 701 2070 hos
725 2010 916 2090 argumenta
939 2006 1038 2090 iurgii
1061 2029 1173 2072 nasce-

159 2099 289 2178 rentur,
313 2115 351 2160 ac
373 2097 451 2159 tunc
474 2094 569 2159 alteri
592 2093 793 2179 iurgantium
816 2094 945 2178 favens,
967 2094 1024 2159 ubi
1045 2099 1171 2178 partem
1186 2114 1213 2155 ao

160 2183 248 2246 illius
272 2183 403 2268 ingenio
424 2183 636 2268 sublevasset,
659 2183 773 2248 solitus
797 2181 832 2246 in
854 2183 1049 2247 contrariam
1073 2185 1173 2248 resul-

159 2274 231 2336 tare
249 2293 424 2356 rursusque
440 2277 553 2336 contra
568 2293 649 2354 eam,
668 2270 721 2335 oui
733 2271 843 2355 paullo
860 2274 935 2334 ante
949 2271 1172 2355 patrocinatus

160 2358 281 2444 fuerat,
308 2360 423 2425 dicere.
467 2357 583 2445 Itaque
606 2381 679 2424 oum
702 2380 799 2442 saepe
823 2359 950 2443 utrique
973 2359 1058 2441 parti
1081 2360 1172 2424 utilis

159 2447 281 2512 fauisor
301 2469 338 2512 ao
358 2451 509 2512 strenuus
528 2449 632 2512 victor
649 2446 743 2532 foret,
762 2446 948 2530 opinionem
966 2468 1031 2510 non
1049 2445 1174 2512 frustra

161 2533 224 2600 sibi
247 2536 434 2620 spectabilis
457 2535 581 2622 ingenii
604 2535 822 2600 confirmarat.
867 2532 996 2598 Interea
1018 2535 1093 2618 uiri,
1117 2535 1172 2618 qui
1186 2555 1212 2596 25

160 2623 305 2708 Philippi
329 2628 476 2690 armenta
494 2625 547 2689 vel
570 2624 692 2707 equitia
715 2623 883 2700 curabant,
907 2643 1025 2704 equum
1048 2626 1173 2705 specta·

161 2713 237 2776 bilis
270 2713 394 2778 formae
424 2712 665 2797 pulchritudine
696 2711 881 2776 absolutum
911 2709 981 2794 regi
1012 2710 1174 2776 deducunt

162 2801 316 2886 aiuntque
338 2801 431 2865 illum
454 2800 594 2866 armenti
616 2800 744 2884 quidem
767 2799 887 2884 regalis
911 2818 1028 2882 genus,
1054 2798 1172 2865 forma-

161 2892 230 2952 tum
249 2889 385 2974 pedibus
405 2890 445 2953 ad
464 2888 582 2973 Pegasi
598 2888 746 2953 fabulam
768 2886 976 2972 opinabilem,
1000 2890 1033 2952 et
1052 2889 1080 2953 si
1099 2889 1173 2973 equi

251 3051 267 3099 3
283 3051 347 3114 poet
356 3044 459 3099 librum
466 3043 568 3100 Etcrb.
582 3045 733 3113 interponit
746 3043 858 3099 adiisse.
878 3043 1053 3114 Omnigenae
1065 3044 1172 3112 scripsi.

163 3115 247 3170 Omni
264 3129 367 3183 genere
387 3116 422 3170 P.
495 3115 669 3170 oderisium
687 3116 872 3184 Danaumque
891 3116 950 3169 Mr.
979 3113 1101 3168 Acrisios
1119 3113 1173 3167 Da

161 3202 286 3311 ppqsqqp
294 3186 329 3242 P.
345 3185 729 3312 1-31ΙῶὲῆεὲἒὲοἱῗζιῐιιιιιιΙῘξινς.Ι
742 3183 1018 3308 limbi-dimi&
1041 3187 1089 3307 file
1104 3199 1174 3307 uqur

220 3298 227 3311 .
283 3273 307 3312 r.
510 3273 617 3312 ‚cr.
708 3271 895 3310 srsrcur.
1004 3270 1172 3307 uanus.

162 3324 248 3396 iurgii
260 3327 343 3396 Bcrp.
369 3326 462 3396 iurgia
476 3328 511 3381 P.
582 3273 616 3380 Al)
635 3343 669 3381 ac
683 3326 739 3380 Mr.
759 3325 796 3380 ad
812 3326 847 3380 P.
871 3271 1076 3394 partemqillius
1089 3323 1172 3392 Bury.

162 3396 317 3466 partemiue
335 3397 369 3452 P.
424 3403 458 3452 22
477 3411 615 3465 rususque
634 3397 668 3450 P.
699 3397 891 3464 patrocinatus
909 3395 1022 3462 δωρεὴ
1038 3393 1117 3462 prius
1138 3393 1172 3451 P.

161 3470 296 3536 patronus
315 3469 417 3524 Eberb.
508 3475 542 3522 29
561 3469 589 3523 A
608 3468 709 3522 verbis.-
733 3466 779 3520 ‘ct
797 3468 821 3520 si
840 3465 919 3533 cqui’
946 3466 1087 3534 incipiunt
1104 3466 1174 3530 solia

162 3540 405 3663 codtmqrcsmipti
421 3539 536 3664 {omia
554 3537 575 3593 'a
594 3538 674 3593 Maio
687 3538 762 3592 edita
775 3537 839 3606 (P).
873 3536 897 3590 si
915 3534 981 3603 equi
994 3535 1072 3604 Epo.
1089 3537 1171 3591 chb.
1222 3561 1231 3570 s

164 3623 229 3676 equi
275 3649 281 3662 .
310 3627 403 3679 siqui
448 3650 453 3662 .
