2646 3934
176 227 242 291 214
295 225 474 282 EPISTOLA
492 223 709 279 ALEXANDRI
726 223 776 278 An
795 221 1062 279 ARISTOTELEM.

176 389 310 473 cognita
342 388 491 453 omnibus
524 387 680 470 perculsis
712 386 944 469 flentibusque,
976 387 1032 470 qui
1063 406 1189 450 mecum

176 482 269 543 erant
291 477 437 542 comitati
465 477 586 560 palam,
611 479 643 540 et
666 475 742 560 quia
764 475 865 539 moris
888 477 971 553 erat,
999 475 1087 539 aliud
1115 497 1189 540 con-

177 568 320 632 culturus
344 567 464 630 intrare
488 565 671 648 vespertino
695 568 840 648 tempore
859 612 868 629 .
887 612 921 629 ..
959 561 1022 628 Sed
1044 563 1190 629 nondum

175 660 288 720 exorta
312 657 383 720 erat
404 655 494 736 luna,
518 675 591 718 curn
614 674 726 717 rursus
748 652 880 717 invitati
904 651 945 716 ad
966 653 1076 716 lucum
1098 652 1189 717 iuxta

149 765 284 808 esacras
305 745 436 808 arbores
456 743 727 825 constitissemus3
746 763 821 806 mox
840 740 938 805 solita
957 740 1189 806 consuetudine

175 832 357 898 adoramus.
403 831 483 895 Tres
506 830 713 896 fidelissimos
736 829 925 894 induxeram
954 850 1081 894 mecum
1109 830 1189 894 ami-

175 943 239 1003 cos,
262 920 449 985 Perdiccam
472 923 505 984 et
524 917 687 983 Clitonam
712 921 744 982 et
763 918 938 1000 Philotam,
962 919 1039 1002 quia
1062 918 1188 982 nullum

174 1010 359 1074 metuebam
378 1009 464 1073 ultra
483 1029 542 1072 nec
565 1008 598 1071 in
618 1029 669 1072 me
688 1007 862 1091 quicquam
881 1009 953 1070 erat
970 1007 1188 1091 metuendum,

174 1098 230 1162 ubi
253 1098 416 1162 neminem
444 1096 493 1160 fas
522 1098 593 1160 erat
615 1094 759 1160 interfici.
807 1092 965 1160 Consulto
989 1094 1104 1179 igitur,
1132 1096 1189 1160 ubi

135 1210 161 1248 ιο
174 1187 352 1251 moriturus
376 1206 489 1249 essem.
535 1184 627 1248 Tunc
650 1185 691 1248 ad
710 1183 850 1267 primum
869 1185 966 1248 lunae
991 1187 1098 1248 ortum
1116 1206 1187 1267 per-

175 1297 269 1339 cussa
299 1295 399 1338 comu
429 1273 664 1357 splendoreque
696 1275 828 1356 accepto
859 1273 957 1336 arbor
987 1269 1109 1336 Graece
1139 1295 1187 1337 re·
1263 1281 1265 1288 ’

175 1362 349 1446 spondens:
378 1360 421 1425 ‘0
445 1360 653 1445 Alexander,'
677 1361 797 1446 inquit,
825 1359 973 1445 ‘plenum
996 1359 1063 1425 ianr
1091 1361 1188 1427 finem

175 1452 292 1516 aetatis
314 1451 425 1517 habes.
467 1449 530 1515 Sed
552 1450 700 1534 sequenti
723 1471 808 1514 auno
832 1471 941 1514 mense
960 1447 1048 1515 Maio
1071 1449 1106 1514 in
1124 1449 1188 1516 Ba-

174 1541 293 1624 bylone
325 1540 488 1623 morieris3
522 1561 541 1603 a
572 1560 635 1624 quo
669 1539 799 1603 minime
837 1559 964 1621 speras,
997 1538 1187 1622 decipieris?

136 1650 161 1690 rs
175 1629 256 1693 Tum
280 1629 429 1694 lacrimas
454 1628 550 1692 effudi
574 1627 732 1711 amicique
754 1627 818 1690 mei
840 1626 1113 1692 circumsistentes
1132 1627 1187 1692 fle·

173 1717 263 1782 bant
312 1717 511 1801 Nullamque
539 1716 580 1780 ab
610 1718 655 1781 eis
684 1717 795 1781 dolum
825 1719 882 1780 aut
912 1717 1015 1780 scelus
1046 1716 1187 1800 cogitavi

175 1809 441 1883 exsurrecturum,
461 1805 516 1869 sed
530 1805 636 1888 magis
654 1826 713 1888 pro
733 1825 805 1868 mea
824 1805 929 1869 salute
943 1808 1076 1888 paratos
1095 1806 1187 1872 mori.

173 1891 287 1976 Neque
311 1893 397 1957 enim
421 1913 481 1977 ego
501 1893 673 1977 quicquam
696 1893 734 1957 de
753 1892 951 1957 fidelissimis
973 1893 1053 1957 mihi
1074 1894 1186 1959 amicis

264 2107 277 2155 1
298 2100 412 2170 cognita
429 2100 462 2156 V.
489 2100 609 2169 cognitis
628 2105 675 2156 cet.
711 2101 833 2170 perculsi
851 2102 884 2156 L.
942 2108 958 2156 2
977 2102 1087 2174 palam]
1106 2103 1189 2158 lacri-

174 2173 267 2227 matus
291 2189 353 2226 sum
378 2173 409 2226 V.
446 2170 525 2226 aliud
548 2173 725 2227 consulturus
749 2173 937 2242 (consulturos
958 2173 1003 2240 G.)
1027 2172 1132 2228 intrare
1157 2195 1188 2231 u.

174 2241 252 2297 aliud
270 2243 448 2298 consulturus
468 2259 544 2298 eram
559 2242 590 2298 V.
614 2244 700 2298 aliam
719 2244 862 2299 consulere
880 2243 955 2298 intra
974 2243 1005 2299 0.
1042 2251 1057 2298 3
1076 2261 1187 2314 vesper-

173 2315 235 2369 tino
258 2316 385 2385 tempore
411 2335 441 2369 ω.
473 2315 664 2384 vespertinum
688 2315 800 2384 tempus
826 2315 854 2369 0.
903 2315 1071 2371 statuerunt.
1108 2316 1188 2371 Haec

174 2401 227 2453 ego
255 2385 372 2440 audiens
399 2387 492 2440 mente
520 2386 664 2454 perculsus
695 2401 764 2439 sum.
814 2385 967 2454 Displicuit
999 2386 1074 2440 enim
1105 2386 1187 2456 mihi,

174 2455 249 2524 quod
273 2458 333 2511 tam
358 2457 462 2511 multos
489 2456 593 2510 adduxi
618 2473 727 2510 mecum
754 2456 789 2509 ad
815 2472 908 2511 sacras
935 2456 1056 2512 arbores.
1101 2457 1188 2512 simul

174 2529 203 2581 et
227 2527 310 2581 amici
336 2528 392 2582 mei
420 2532 449 2582 ct
476 2527 592 2582 comites
616 2526 687 2594 mei,
716 2526 764 2595 qui
789 2542 898 2581 mecum
924 2529 1076 2593 venerant,
1104 2527 1188 2583 fleve-

172 2599 239 2651 runt
256 2597 339 2652 valde
358 2599 388 2653 et
405 2597 567 2652 contristati
584 2599 656 2652 sunt.
690 2597 765 2663 Quos
784 2614 836 2667 ego
855 2599 961 2667 partim
978 2597 1063 2652 minis
1082 2600 1204 2668 partim¹

173 2668 335 2722 muneribus
354 2669 515 2724 consolatus
535 2687 597 2723 sum
610 2670 796 2738 praecepique
816 2669 866 2736 eis,
884 2670 917 2722 ut
934 2669 1041 2723 nemini
1059 2671 1129 2725 haec
1142 2687 1187 2724 re-

174 2754 277 2806 sponsa
293 2739 425 2793 dicerent.
459 2739 578 2793 Rursum
593 2740 676 2794 lunae
696 2738 809 2794 oracula
827 2740 982 2808 auditurus,
1000 2757 1073 2808 quae
1091 2740 1189 2796 media

172 2811 256 2863 noete
273 2825 356 2878 posse
374 2808 436 2863 fieri
455 2810 584 2866 sacerdos
603 2810 776 2876 affirmabat,
799 2811 932 2878 quoniam
951 2814 1019 2865 tune
1038 2812 1105 2866 luna
1123 2814 1189 2868 erat

173 2879 289 2946 oritura,
307 2879 444 2948 assumpsi
463 2895 572 2934 mecum
589 2883 647 2936 tres
661 2880 840 2935 fidelissimos
859 2881 973 2950 amicos,
993 2882 1136 2951 perdicam
1156 2884 1188 2936 et

173 2950 328 3005 clitoricam
343 2953 372 3005 et
385 2949 526 3019 philetam
536 2950 575 3004 H.
613 2951 750 3022 tsaeras]
766 2967 840 3006 serus
855 2972 884 3006 ω.
922 2953 1135 3008 tadoravimus
1149 2954 1188 3012 L.

173 3022 354 3077 adhortamur
375 3021 403 3076 0.
505 3022 626 3090 Sultra]
645 3022 674 3075 in
692 3021 743 3077 illo
761 3021 825 3078 loco
843 3022 882 3077 H.
919 3021 950 3076 in
967 3024 1025 3095 me]
1046 3040 1125 3079 ame
1144 3025 1187 3080 H.

173 3099 268 3162 tpost
287 3092 439 3147 ‘interfici'
462 3093 552 3162 perpet
570 3092 610 3148 H.
631 3091 804 3162 ‘iterumque
828 3094 922 3149 lucum
945 3093 1084 3149 intrantes
1107 3092 1191 3150 iuxta.

172 3165 285 3219 arbores
308 3180 402 3219 sacras
422 3163 599 3220 constitimus
623 3168 652 3218 et
674 3181 739 3219 mox
763 3164 847 3220 solita
865 3165 1066 3220 consuetudine
1085 3167 1189 3221 adora·

171 3252 241 3290 mus.
271 3233 424 3289 Consulens
434 3235 529 3304 igitur,
539 3235 588 3289 ubi
597 3233 748 3290 moriturus
759 3251 858 3303 essem,
868 3239 929 3291 tum
939 3241 985 3291 etc.
1024 3237 1190 3294 10TuncO.

172 3307 201 3359 et
218 3309 278 3360 tum
299 3307 331 3360 V.
355 3309 465 3360 etcum
485 3328 515 3362 ω.
552 3323 682 3377 percusso
702 3307 740 3361 H.
824 3312 856 3361 11
876 3323 963 3362 cornu
982 3308 1058 3362 aff.
1082 3325 1192 3363 cornua

172 3379 237 3429 sunt
257 3376 286 3430 (J.
325 3377 529 3446 splendoreque
548 3378 622 3432 mH.
649 3377 804 3446 splendore.
835 3377 924 3442 Quem
943 3379 972 3433 0.
1038 3383 1071 3433 12
1093 3377 1115 3432 Ο
1135 3395 1190 3435 om.

171 3445 286 3499 L.G.B.
396 3452 428 3502 13
448 3447 537 3520 Maio]
560 3463 634 3503 nono
658 3448 698 3501 Η.
734 3449 765 3501 in
787 3465 837 3503 om.
861 3450 899 3503 H.
1009 3453 1042 3503 15
1066 3449 1128 3503 fudi
1150 3449 1191 3505 L.

173 3518 206 3564 17
226 3518 446 3570 exsurrecturum
463 3520 491 3572 0.
511 3521 716 3573 esurrecturum
728 3519 760 3573 P.
780 3520 1000 3574 resurrecturum
1013 3520 1049 3574 B.
1058 3519 1092 3575 G.
1098 3520 1140 3577 M.
1146 3521 1190 3577 H.

172 3595 272 3645 recsur.
294 3584 336 3636 M.
361 3589 475 3641 surrect.
495 3588 565 3643 L.V.
644 3594 677 3644 18
697 3589 772 3644 enim
790 3606 841 3645 om.
859 3590 975 3646 L.V.H.
1014 3607 1066 3659 ego
1085 3607 1136 3648 cm.
1159 3593 1191 3650 0.
