2648 3924
486 225 601 282 AOTUS
621 225 843 283 ALEXANDRI.
1116 227 1157 292 91

236 387 421 455 Alexander
439 387 650 454 nihilominus
669 390 802 473 propius
821 390 886 454 iam
906 389 1023 456 Persas
1047 392 1101 455 ad·
1137 397 1213 454 XHI.

148 481 243 563 ierat,
272 477 353 544 adeo
380 479 417 541 ut
443 478 477 543 in
506 482 682 564 conspectu
710 499 822 543 eorum
846 478 945 543 etiem
968 500 1078 545 muros
1102 480 1158 545 ha-

147 569 248 635 beret
292 565 467 632 Enimvero
495 566 756 632 aestimationem
779 566 979 632 intellectam
1001 568 1158 634 adventus

148 657 200 724 sui
227 657 263 720 in
290 655 377 721 hune
405 654 536 719 modum
563 654 659 721 ludit:
687 676 789 740 pecua
815 655 997 741 multigena
1025 678 1080 722 seu
1108 679 1158 722 ar-

149 748 268 828 menta,
291 765 374 828 quae
397 742 464 807 illis
487 743 523 807 in
546 745 676 828 pascuis
700 743 913 828 abundarent,
936 746 1050 810 coacta
1073 763 1186 810 com-s

146 833 319 918 prehendi,
347 853 459 897 eorum
487 832 637 897 cornibus
665 831 852 897 frondentes
880 837 913 898 et
940 833 1158 900 auctiusculos

129 944 256 992 ,ramos
279 921 408 986 adnecti
425 920 530 1006 iubet;
553 924 686 1006 tumque
709 921 784 986 aliis
807 922 941 986 ramulis
961 921 1095 986 adnexis
1118 922 1160 988 ad

148 1011 267 1078 caudas
282 1009 441 1094 pecudum
459 1010 659 1094 singularum
679 1011 734 1095 egi
752 1009 987 1094 praeimpedita
1001 1010 1158 1076 hactenus

148 1098 291 1182 mandat,
313 1101 484 1182 utramque
503 1099 644 1182 speciem
661 1099 785 1183 pariter
804 1099 963 1182 imitatus,
986 1103 1022 1164 ut
1041 1103 1074 1164 et
1092 1121 1159 1164 ere·

147 1190 208 1254 ctis
231 1187 410 1271 frondibus,
429 1207 510 1271 quae
525 1186 667 1252 adnexae
682 1186 834 1252 cornibus
852 1186 1047 1272 ferebantur,
1066 1188 1159 1252 silve·
1173 1208 1200 1249 ro

147 1281 247 1342 stram
271 1275 433 1360 quandam
456 1275 595 1359 speciem
618 1296 697 1358 prae
721 1297 755 1340 se
779 1279 924 1360 agerent,
953 1297 992 1340 ex
1020 1299 1084 1360 qua
1107 1298 1158 1342 oc-

147 1366 213 1432 culi
241 1367 466 1450 insequentem
494 1364 670 1429 exercitum
697 1363 795 1447 foret,
823 1369 855 1428 et
882 1365 997 1430 trectis
1025 1365 1158 1430 ramulis

147 1454 254 1539 pulvis
282 1454 405 1519 excitus
434 1475 562 1518 omnem
586 1452 821 1518 dinoscentiam
844 1454 910 1517 veri
938 1454 1062 1518 eminus
1086 1475 1160 1519 oon·

147 1543 293 1608 fudisset.
345 1541 391 1608 Et
419 1542 482 1607 hoc
511 1542 611 1626 igitur
643 1562 682 1606 ex
709 1541 843 1625 pulvere
868 1541 1051 1624 nebulaque
1081 1543 1159 1624 eius,

147 1654 204 1717 per
225 1633 421 1696 immensum
441 1650 523 1715 quae
541 1630 641 1694 latius
662 1630 828 1713 agebatur,
851 1629 1069 1714 obstupefacti
1093 1631 1159 1694 iam
1172 1649 1199 1690 rs

146 1722 303 1804 primum,
330 1723 400 1784 tum
424 1720 523 1784 etiam
547 1718 635 1783 ultra
657 1718 843 1802 opinionem
866 1718 978 1804 magni
1001 1719 1159 1784 exercitus

148 1809 256 1874 territi
286 1807 403 1873 Persae
437 1810 569 1892 stupore
601 1807 698 1871 defixi
731 1810 813 1872 sunt.
868 1807 939 1872 Iam
971 1829 1030 1893 per
1062 1807 1160 1871 inter·

147 1897 280 1963 nuntios
302 1896 495 1962 facultatem
523 1895 601 1960 belli
626 1895 697 1961 dari
720 1895 785 1962 sibi
808 1896 995 1962 decreuerat
1017 1896 1160 1962 Alexan·

147 1986 204 2052 der
231 1986 396 2071 postulare
429 2006 531 2070 eaque
558 2006 636 2050 cura
662 1985 839 2068 depressus·
865 1985 901 2050 in
930 2007 1079 2051 somnum
1109 1988 1160 2050 est

148 2075 352 2160 somniatque
386 2074 448 2140 sibi
480 2073 575 2138 deum
607 2073 801 2138 Ammonem
834 2074 998 2139 adstitisse
1031 2095 1160 2138 omnem
1174 2095 1200 2136 ao

114 2199 116 2206 ·
147 2164 310 2248 habitum,
333 2185 397 2248 quo
422 2163 517 2227 deum
540 2162 736 2244 Mercurium
759 2163 850 2244 pingi
872 2163 1001 2239 visitur,
1030 2162 1160 2226 sibimet

147 2254 369 2337 porrigentem
392 2273 464 2316 cum
486 2251 538 2316 his
562 2251 737 2315 mandatis:
761 2249 830 2314 ‘En
854 2251 925 2330 tibi,
946 2250 996 2313 fili
1019 2250 1159 2314 Alexan-

148 2343 218 2426 der,
246 2341 361 2406 adsum
388 2341 423 2405 in
450 2344 596 2423 tempore
626 2359 806 2423 moneoque
835 2337 875 2403 ab
903 2338 960 2402 illo
988 2342 1035 2421 te,
1064 2359 1159 2422 quem

147 2431 257 2515 legare
280 2429 469 2495 institueras
493 2428 534 2492 ad
556 2427 707 2511 Darium,
730 2426 824 2510 prodi
846 2427 1002 2510 potuisse.
1048 2425 1160 2492 Enim-

147 2540 225 2584 vero
248 2517 327 2582 forti
347 2519 456 2582 animo
480 2536 542 2600 age
564 2519 695 2600 teteqne
717 2515 789 2598 ipsc
809 2537 867 2598 pro
891 2519 924 2579 te
947 2518 1038 2579 utere
1061 2515 1158 2578 inter·
1172 2533 1198 2575 aa

148 2606 279 2689 nuntio,
309 2605 462 2670 videlicet
488 2605 550 2670 hoc
578 2605 667 2670 omni
694 2603 809 2669 habitu
842 2603 1031 2686 adornatus,
1064 2623 1161 2687 quem

148 2718 234 2760 nunc
254 2718 273 2760 a
293 2716 343 2759 me
363 2694 425 2759 tibi
443 2693 551 2758 offerri
569 2692 763 2758 consideras.
799 2692 836 2758 Id
860 2693 946 2757 enim
965 2692 1026 2756 etsi
1045 2712 1159 2777 parum

149 2784 332 2850 consultum
356 2783 429 2848 aliis
452 2781 579 2848 videtur
602 2801 713 2866 regem
736 2780 787 2846 sui
810 2781 917 2865 ipsum
940 2802 999 2865 pro
1024 2802 1059 2846 se
1081 2801 1160 2846 nun·

148 2872 231 2937 tium
248 2872 327 2954 fieri,
345 2872 406 2936 tibi
423 2874 534 2936 tamen
553 2869 642 2935 istud
661 2871 782 2934 auxilio
801 2873 914 2935 nostro
928 2871 1071 2954 proclive
1090 2869 1159 2934 est’

239 2959 297 3026 26.
325 2959 424 3026 Paret
442 2981 498 3024 rex
517 2959 649 3024 monitis
668 2959 720 3023 dei
739 2960 951 3044 protinusque
964 2958 1101 3025 Eumelo
1151 2961 1226 3020 XIV.

149 3049 326 3115 comitante
350 3069 431 3132 equo
456 3051 577 3129 vectus,
600 3053 768 3132 praeterea
791 3049 855 3113 alio
879 3047 1074 3112 subsidiario
1098 3043 1201 3113 sibim

149 3137 285 3219 adscito,
308 3136 497 3202 mandatum
517 3137 596 3221 agit.
637 3136 741 3220 Igitur
760 3157 832 3201 cum
852 3135 892 3200 ad
911 3134 1084 3220 Strangam
1102 3133 1160 3198 flu·

148 3227 238 3291 vium
257 3226 447 3309 devenisset,
470 3225 525 3311 qui
545 3226 733 3309 plerumque
757 3245 796 3287 ex
814 3223 1018 3289 vehementia
1036 3222 1160 3288 nivium

148 3315 229 3380 adeo
249 3314 423 3399 stringitur
446 3317 479 3378 et
502 3313 710 3398 congelascit,
733 3315 770 3376 ut
792 3312 896 3376 instar
918 3312 988 3376 saxi
1006 3310 1161 3376 viabilem

240 3530 272 3578 11
293 3523 383 3580 occuli
402 3523 458 3580 Mr.
483 3521 557 3578 oculi
578 3521 611 3576 P.
684 3527 719 3576 20
738 3536 896 3576 ammonam
916 3521 947 3574 P.

239 3596 287 3650 26.
321 3601 355 3650 30
374 3593 491 3650 Eumelo
511 3595 569 3649 Mr.
593 3591 719 3648 Eumedo
739 3592 771 3649 P.
