2650 3920
180 209 244 273 140
596 209 705 264 LIBER
722 210 771 268 III.

179 373 289 437 calens
312 371 508 438 industriam
531 371 694 438 dedisses?
740 371 840 457 Ergo,
863 376 900 436 ut
923 373 1094 438 consilium
1118 374 1189 457 fuit,

178 461 311 525 inruunt
342 464 436 525 nocte
468 461 674 527 barbaricam
706 461 870 525 civitatem
908 464 941 524 et
976 461 1042 526 iarn
1076 484 1189 528 somno

179 548 295 613 deditis
320 549 565 634 superveniunt,
592 549 722 614 iniectis
746 549 883 634 denique
910 549 1051 614 flammis
1080 552 1191 616 omnia

179 637 378 722 conflagrare
409 659 482 703 cum
515 639 616 724 septis
647 659 761 703 somno
791 637 1016 702 nuntiarentur
1045 661 1191 705 causam·

152 745 241 810 aque
261 729 472 809 superventus
491 727 578 791 haud
598 727 693 790 dubie
716 726 954 811 cognovissent,
977 726 1120 813 undique
1143 729 1190 793 in-

178 818 304 897 crepari
327 815 462 880 classico
485 815 586 899 iubet,
610 813 783 880 Candaulis
802 815 895 878 illum
914 815 1089 880 exercitum
1112 838 1192 881 uxo-

177 923 246 966 rem
270 923 340 967 esse
363 903 549 988 repetentis.
595 902 701 979 Quare
724 903 802 968 boni
826 903 1047 988 consulerent,
1070 905 1098 969 si
1122 906 1192 988 regi

178 1011 259 1055 uxor
290 992 440 1074 protinus
469 991 671 1076 redderetur3
704 991 790 1075 quod
819 991 854 1055 ni
885 991 1052 1076 fecissent,
1084 995 1190 1058 omnis

179 1079 292 1144 civitas
316 1078 444 1163 direpta
466 1078 630 1144 hostiliter
654 1080 878 1163 conflagraret.
922 1078 962 1143 Id
986 1081 1041 1146 ubi
1064 1081 1188 1147 civibus

138 1189 164 1228 ιο
177 1168 287 1250 palam
315 1167 438 1233 factum
466 1172 531 1252 est,
558 1169 693 1232 inruunt
716 1168 811 1233 aedes
834 1169 966 1251 tyranni
994 1169 1189 1255 aedibusque

177 1254 369 1340 praefractis
401 1257 569 1320 mulierem
597 1257 746 1340 protinus
775 1256 921 1321 reddunt
971 1256 1043 1323 Hoc
1072 1259 1189 1343 gaudio
1209 1267 1253 1320 53.

178 1342 359 1409 Candaules
390 1366 463 1408 cum
494 1345 626 1429 agendis
661 1345 777 1430 gratiis
813 1348 1026 1429 occuparetur
1059 1347 1190 1431 eiusque

177 1430 332 1496 facinoris
356 1453 517 1497 summam
540 1455 639 1515 penes
661 1431 867 1518 Antigonum
890 1435 1080 1518 conlocaret,
1104 1456 1190 1499 oom-

177 1521 291 1604 plexus
315 1543 389 1585 eum
406 1520 497 1586 hisce
515 1520 712 1606 adloquitur:
737 1521 801 1587 ‘Da
819 1543 939 1607 quaeso
956 1524 990 1586 te
1009 1522 1098 1601 mihi,
1121 1521 1190 1585 An-

138 1630 164 1670 1s
178 1606 310 1694 tigone,’
335 1610 391 1688 ait,
415 1608 468 1675 ‘ad
488 1613 626 1674 matrem
643 1632 746 1694 usque
765 1611 964 1694 comitatum,
981 1613 1019 1675 ut
1036 1633 1095 1695 pro
1115 1632 1189 1676 oon·

179 1697 274 1763 sultis
297 1698 363 1762 tuis
388 1720 407 1762 a
430 1720 482 1762 me
506 1720 633 1782 quoque
655 1700 808 1782 praemiis
832 1698 1021 1764 munerare?
1067 1696 1191 1785 ‘Ergo',

177 1786 285 1870 inquit
308 1784 506 1865 Alexander,
536 1785 639 1852 ‘recte
661 1787 791 1871 feceris,
820 1787 848 1850 si
875 1787 908 1850 id
935 1787 1044 1871 ipsum
1073 1809 1190 1872 arege

178 1895 275 1955 super
305 1895 377 1938 meo
408 1875 539 1939 nomine
569 1876 754 1960 postularis.
807 1873 892 1938 Nam
926 1879 958 1938 et
991 1876 1071 1941 mihi
1103 1875 1190 1942 haud

178 1961 338 2026 mediocre
357 1962 500 2027 studium
524 1967 574 2027 est
597 1967 629 2028 et
646 1962 803 2028 videndae
824 1963 965 2026 civitatis
988 1969 1064 2027 tuae
1088 1967 1120 2028 et
1143 1986 1190 2028 re-

138 2071 164 2110 so
178 2049 275 2134 ginae
298 2051 420 2133 pariter
445 2048 654 2116 salutandae?
700 2051 814 2115 Monet
836 2049 937 2134 igitur
954 2050 1192 2136 Ptolomaeum,

178 2137 228 2201 uti
250 2139 362 2222 petitis
387 2140 542 2204 adnueret
570 2159 703 2222 seseque
731 2139 876 2223 legatum
905 2160 942 2202 ao
970 2139 1121 2204 nuntium
1150 2141 1191 2205 ad

178 2225 362 2293 Candacem
384 2229 431 2292 ire
453 2227 634 2310 mandaret3
658 2230 690 2290 et
713 2226 922 2291 Ptolomaeus
945 2248 1004 2310 pro
1027 2228 1130 2313 iusso,
1154 2250 1191 2294 ae

179 2315 207 2379 si
234 2317 359 2399 petenti
383 2316 563 2398 adveniret,
590 2315 671 2378 facit
699 2337 736 2380 ac
764 2315 810 2380 sic
838 2315 899 2380 ait:
927 2314 987 2379 ‘m
1014 2316 1084 2400 ipse
1113 2339 1191 2382 sano

177 2404 267 2488 loqui
289 2426 348 2488 per
370 2403 496 2468 litteras
525 2425 603 2469 aveo
632 2424 706 2468 cum
730 2402 877 2469 Oandace
906 2409 939 2470 et
966 2406 1106 2490 gratiam
1130 2405 1191 2470 tibi

139 2492 307 2578 etfaciam,
328 2496 366 2557 ut
389 2491 566 2577 desideras3
590 2513 725 2577 eumque
744 2492 839 2558 nobis
860 2494 1116 2579 quamprimum
1141 2515 1190 2558 so-

180 2581 298 2664 spitem
321 2581 504 2664 redhibet03
532 2581 618 2646 hunc
645 2581 731 2645 enirn
758 2581 821 2645 tibi
848 2587 885 2646 ut
912 2582 1093 2664 meipsum
1117 2580 1191 2646 Ale·

179 2670 337 2736 xandrum
367 2674 474 2735 tecum
506 2670 643 2734 missurn
671 2667 830 2735 habebis?
878 2669 946 2734 ‘Ita
976 2667 1078 2752 sane,’
1109 2666 1190 2733 Oan-

271 2859 401 2914 1calens
433 2859 602 2916 industriam
629 2861 729 2930 compsi
756 2860 875 2917 Selleeio
905 2861 979 2916 ciam
1010 2865 1192 2930 mensurato

180 2928 266 2985 calles
289 2928 428 2984 industria
446 2931 482 2984 A.
491 2931 524 2987 P.
597 2937 614 2985 4
637 2932 725 3000 septis
743 2931 777 2986 P.
806 2931 880 3001 septi
902 2931 938 2985 A.
967 2929 1067 3000 sopitis
1090 2931 1190 3001 Klape.

180 3007 196 3056 6
216 3001 334 3055 classico
353 3001 424 3055 Mai.
452 3001 548 3057 clauso
567 3003 603 3056 A.
630 3003 705 3056 olaso
726 3002 760 3055 P.
835 3007 866 3055 11
886 2999 1053 3070 praefractis
1072 3002 1103 3056 P.
1130 3019 1192 3072 pre·

179 3069 261 3126 fectis
280 3072 316 3127 A.
349 3070 409 3126 Hoc
432 3072 536 3141 gaudio
556 3072 628 3127 Mai.
654 3071 715 3127 Hoc
737 3073 872 3142 gaudium
890 3071 964 3126 AP.
991 3071 1033 3126 Ob
1052 3074 1106 3129 hoc
1124 3090 1192 3142 geu-

180 3143 274 3197 dium?
312 3148 345 3196 13
366 3158 474 3196 summa
483 3143 519 3196 A.
558 3149 592 3196 14
606 3143 649 3196 his
660 3143 693 3199 P.
732 3149 765 3198 15
780 3143 914 3198 comitato
926 3142 960 3196 P.
998 3148 1032 3198 16
1047 3158 1192 3197 munerare

179 3229 248 3268 corr.
264 3230 297 3268 erc
314 3229 460 3268 numerare
475 3213 511 3268 A.
532 3213 674 3269 munerari
687 3214 720 3267 P.
760 3220 792 3268 12
812 3215 882 3269 bene
897 3213 996 3268 feceris
1010 3214 1043 3270 P.
1083 3218 1191 3268 191119-

180 3282 274 3337 diocte
296 3284 329 3338 P.
354 3283 493 3338 medicare
511 3284 547 3340 A.
590 3291 622 3338 21
641 3284 747 3354 petitus
767 3284 799 3340 P.
841 3291 875 3341 22
894 3302 945 3354 pro
962 3285 1039 3338 iusso
1060 3285 1117 3340 Mr.
1140 3300 1192 3353 pro

179 3353 249 3406 iussi
273 3354 307 3408 P.
335 3370 387 3423 pro
410 3353 489 3409 misit
512 3371 580 3410 corr.
605 3372 639 3410 ea
662 3371 712 3425 pro
736 3353 820 3410 iussit
843 3355 879 3410 A.
951 3360 985 3409 23
1005 3354 1137 3409 advenire
1156 3354 1191 3411 A.

180 3422 317 3477 adnuerat
334 3424 433 3480 Sellae.
509 3430 544 3478 24
563 3442 632 3480 aveo
654 3427 821 3482 Phielmorm
842 3427 875 3481 irs
893 3427 1025 3482 Archioio
1049 3425 1194 3494 Wo‘lffliui

181 3491 284 3570 11³st
305 3498 367 3549 175.
395 3495 485 3550 habeo
509 3495 545 3551 A.
554 3497 587 3550 P.
678 3502 712 3550 25
735 3497 839 3551 faciam
861 3498 970 3567 scripsi.
1006 3512 1092 3566 quam
1115 3497 1150 3553 A.
1158 3497 1192 3552 P.

181 3561 287 3624 sospito
308 3563 341 3613 P.
415 3571 448 3619 27
468 3564 584 3619 missum
602 3566 635 3622 P.
660 3567 721 3637 ipse
740 3569 775 3622 A.
