2648 3922
531 184 745 240 PRAEFATIO.
1067 185 1145 240 XXV

138 346 211 409 usui
243 345 324 409 mihi
356 348 427 410 erat
458 345 622 428 llpitoma
657 370 676 410 a
708 345 791 410 Iulio
824 345 965 411 Zachero
998 350 1147 412 accurata

138 433 224 498 edita
252 432 345 497 Halia
376 434 469 498 1861.
516 432 700 499 Pleniorem
727 433 900 517 Epitomae
928 435 1066 498 formam
1094 457 1147 499 ex-

136 520 229 585 hibet
258 518 377 586 Codex
406 519 619 587 oxoniensis
648 521 741 604 Corp.
770 521 889 586 Christ.
918 520 998 587 Ooll.
1026 521 1083 588 Nr.
1104 524 1146 588 82

137 631 218 673 1111.
242 608 307 673 XII
335 609 404 690 fol,
432 632 495 693 quo
518 610 639 675 Zacher
666 627 742 674 1111
769 632 836 674 non
863 613 920 674 est.
965 608 1039 693 Ipse
1067 633 1145 694 quo-

11 763 14 770 ,
138 719 199 780 que
223 719 261 760 11
283 701 421 780 tantum,
445 719 527 782 quae
550 698 777 762 Volkmannus
800 699 835 762 in
858 698 1146 763 <Adnotationibus

140 785 258 849 criticis
286 783 465 872 1111111111
488 785 674 851 Valerium'
700 783 832 872 (Portae
858 786 955 868 1882)
980 792 1012 850 11
1036 786 1148 870 Meyer

138 873 172 936 in
203 873 288 937 libro
319 895 419 957 supra
449 873 548 938 citato
579 872 775 959 (alexandre
804 874 835 938 le
865 873 972 938 Grand
1003 873 1082 938 dans
1115 875 1147 938 la

140 959 321 1025 litterature
346 961 388 1024 du
412 982 527 1046 moyen
552 961 626 1048 age)
650 963 723 1027 inde
746 963 962 1048 protulerunt,
990 963 1024 1026 in
1051 984 1145 1026 usum

140 1070 248 1112 meum
272 1053 457 1113 convertere
481 1051 582 1134 potui.
623 1050 715 1116 Unde
740 1073 812 1115 cum
837 1051 1041 1135 cognoverim
1060 1050 1147 1114 eodi-

139 1158 210 1200 cem
228 1136 442 1202 Oxoniensem
466 1137 506 1202 ad
529 1138 646 1203 librum
668 1139 746 1204 Iulii
762 1139 886 1203 Valerii
912 1138 1146 1202 emendandum

138 1225 277 1288 multum
301 1226 461 1309 conferre,
484 1227 578 1290 valde
602 1228 704 1310 doleo,
728 1229 813 1311 quod
836 1227 916 1290 mihi
934 1227 1040 1310 ipsum
1064 1227 1147 1290 codi-

138 1334 207 1377 cem
231 1313 319 1376 adire
341 1335 407 1378 non
429 1314 530 1379 licuit.

226 1398 415 1466 Editiones
447 1400 524 1465 Iulii
555 1400 679 1466 Valerii
711 1403 815 1467 adhuc
849 1403 1037 1484 prodierunt
1071 1407 1147 1466 tres.

138 1486 187 1552 Ac
219 1490 358 1572 primum
393 1490 522 1574 quidem
554 1512 628 1554 eum
657 1491 802 1574 Angelus
834 1489 939 1554 Maius
971 1488 1147 1554 Mediolani

139 1597 222 1641 anno
244 1578 328 1641 1811
354 1577 462 1656 edidit,
486 1600 549 1641 uno
569 1579 677 1642 codice
695 1579 913 1642 Ambrosiano
934 1599 1020 1641 usus.
1056 1577 1147 1642 Haec

139 1664 235 1728 editio
263 1665 382 1729 iterata
410 1671 460 1730 est
482 1665 687 1730 Francofurti
711 1667 750 1730 111
774 1666 925 1730 Moenum
951 1687 1035 1729 anno
1060 1667 1146 1731 1818

138 1756 170 1816 et
192 1751 338 1817 Venetiis
364 1753 462 1834 1852,
490 1755 555 1818 nisi
577 1754 661 1818 forte
684 1756 726 1838 is,
755 1755 809 1837 qui
837 1754 920 1818 hane
942 1754 1146 1818 iterationem

13 1899 14 1902 ,
138 1841 276 1924 curavit,
305 1863 382 1906 usus
411 1846 460 1906 est
488 1843 590 1906 altera
616 1841 683 1906 Mai
711 1841 858 1907 editione.
908 1841 998 1906 Haec
1026 1842 1147 1924 prodiit

137 1928 261 1993 Romae
291 1929 377 1994 1835
406 1935 504 2014 atque
530 1931 564 1996 in
592 1951 629 1994 11
657 1931 806 2012 1111111,
836 1952 917 2014 quae
947 1930 1040 1994 initio
1070 1931 1147 1995 libri

138 2016 235 2100 primi
257 2018 343 2081 etin
361 2017 466 2082 medio
486 2018 571 2082 libro
591 2019 730 2083 secundo
748 2018 894 2099 hiabant,
917 2040 955 2082 111
974 2017 1147 2102 Epitomae

11 2145 13 2158 ι
139 2104 304 2169 codicibus
332 2106 496 2170 nonnullis
525 2106 693 2171 Vaticanis
722 2106 867 2191 expletae
896 2107 1055 2190 multique
1082 2107 1146 2170 loci

137 2213 199 2276 ope
218 2192 409 2258 schedarum
428 2193 685 2273 Taurinensium,
709 2217 788 2277 quas
806 2194 912 2259 Maius
931 2194 1010 2259 olim
1030 2216 1049 2258 a
1068 2194 1147 2277 Pey-

138 2302 215 2344 rone
249 2287 432 2365 acceperat,
465 2283 625 2346 emendati
659 2287 744 2348 sunt.
796 2282 939 2347 Tertiam
973 2283 1147 2346 editionem

137 2367 213 2432 Iulii
244 2365 369 2433 Valerii
402 2370 527 2434 curavit
559 2368 593 2436 O.
625 2370 761 2436 Mueller
793 2371 853 2435 sub
885 2374 977 2435 textu
1008 2371 1147 2434 Pseudo·

138 2455 350 2521 Callisthenis
374 2459 425 2522 vel
448 2458 557 2541 potius
581 2458 715 2540 Aesopi,
741 2481 836 2541 quem
859 2457 982 2522 addidit
1004 2459 1145 2522 Arriano

138 2565 157 2607 a
176 2543 348 2609 Duebnero
373 2545 460 2609 edito
478 2545 612 2611 Parisiis
636 2545 719 2628 apud
738 2545 917 2609 Firminum
937 2545 1038 2610 Didot
1060 2567 1145 2610 anno

140 2633 234 2698 1841.
290 2631 351 2706 Qui
384 2655 455 2697 cum
487 2637 632 2698 uteretur
664 2634 772 2698 codice
801 2633 966 2714 Parisino,
995 2635 1145 2698 lacunam

140 2719 272 2784 secundi
295 2720 370 2784 libri
392 2725 507 2800 totam,
530 2722 663 2786 1111111
681 2722 779 2805 primi
802 2722 877 2786 libri
902 2743 1054 2806 magnam
1072 2744 1148 2807 par·

137 2812 203 2871 tem
232 2809 386 2892 explevit3
416 2830 496 2893 quae
525 2810 693 2874 etiamtum
720 2810 815 2874 initio
842 2811 918 2874 libri
943 2811 1040 2894 primi
1063 2811 1146 2874 desi-

138 2895 343 2979 derabantur,
365 2897 435 2980 ipse
459 2919 584 2982 quoque
608 2921 646 2962 ex
670 2897 826 2982 Epitoma
850 2898 1022 2982 supplevit.

225 2982 436 3048 Emendando
459 2984 541 3049 Iulio
559 2985 690 3050 Valerio
715 3008 845 3070 operam
870 2987 1024 3050 dederunt
1047 2983 1148 3068 Geyer

137 3071 171 3134 in
195 3069 446 3136 Zimmermanni
469 3072 581 3138 Diario
604 3074 820 3158 Antiquitatis
842 3075 936 3156 1838,
961 3096 990 3156 p.
1004 3073 1069 3136 419
1089 3095 1147 3157 sq,

11 3195 19 3233 ·,
136 3157 256 3242 Beryer
285 3161 321 3224 de
349 3160 482 3244 Xicrey,
514 3163 568 3244 qui
598 3159 651 3246 (in
681 3161 815 3227 Notices
848 3165 880 3226 et
910 3161 1058 3224 Extraits
1089 3161 1145 3226 des

137 3245 299 3311 Manuscr.
328 3248 366 3312 de
392 3249 425 3312 la
452 3249 536 3312 Bibl.
563 3271 629 3332 roy.
658 3249 747 3313 Tom.
767 3247 862 3335 XIII)
887 3250 995 3331 capita
1023 3249 1148 3333 aliquot

138 3335 212 3399 libri
236 3335 332 3419 primi
360 3358 399 3400 111
422 3336 530 3401 codice
553 3337 700 3401 Parisino
725 3336 836 3414 edidit,
859 3337 1004 3400 Haustus
1031 3337 1066 3401 in
1087 3337 1146 3401 Mi·

138 3423 376 3488 scellaneorum
397 3423 671 3509 philologicorum
695 3424 779 3490 libro
808 3425 946 3489 secundo
970 3423 1146 3490 Vratislav.

139 3511 240 3596 1858,
267 3512 409 3595 Klepius
436 3511 471 3575 in
494 3513 722 3577 dissertatione
750 3513 788 3577 de
811 3512 983 3577 Itinerario
1006 3512 1147 3577 Alexan-
