2654 3926
542 204 754 262 PRAEFATIO.
1091 206 1156 262 xlx

235 365 282 430 Ut
312 371 460 430 accurate
485 388 504 430 a
526 367 605 430 viris
629 367 733 431 doctis
757 367 909 452 eognosoi
931 371 1054 451 posset,
1078 369 1155 451 quid

147 453 330 518 etiamnunc
361 457 466 519 exstet
496 455 530 518 in
557 452 667 519 oodiae
695 453 901 539 Taurinensi,
931 476 1060 520 necesse
1091 455 1155 521 fuit

146 543 340 606 verbotenus
365 563 415 621 ea,
438 565 522 627 quae
545 543 615 626 ipse
639 542 718 626 legi,
742 543 802 607 sub
825 547 916 608 textu
939 545 1027 627 typis
1051 544 1155 627 expri-

146 651 242 695 mere.
288 628 380 705 Quod
409 651 481 694 oum
504 653 563 715 per
584 630 740 715 rationes,
759 653 843 716 quas
871 630 906 694 in
929 630 990 696 hae
1013 631 1154 695 editione

146 718 237 802 sequi
260 718 368 782 iussus
392 740 477 801 sum,
504 719 609 783 facere
632 719 712 782 mihi
735 741 800 783 non
823 717 946 801 liceret,
973 719 1050 782 utile
1074 717 1154 783 mihi

145 805 251 869 visum
280 809 329 870 est
351 806 404 870 hio
427 805 555 890 quidem
578 807 657 871 duas
681 806 799 872 oodiois
821 806 961 892 paginas
984 807 1044 889 ita,
1071 810 1107 870 ut
1135 829 1155 870 a

146 915 196 957 me
227 895 330 959 leotae
361 896 453 978 sunt,
485 895 572 978 typis
606 895 767 959 mandare.
819 894 903 959 Huic
935 894 983 958 rei
1015 894 1154 958 maxime

145 981 278 1046 idoneas
309 1004 379 1048 esse
409 982 545 1067 paginas
574 981 651 1046 XLI
678 1004 704 1047 e.
737 987 770 1047 et
800 983 829 1048 u
865 981 1042 1048 arbitratus
1073 1003 1154 1046 sum.

144 1067 230 1133 Nam
258 1091 402 1155 carmen,
433 1070 517 1154 quod
544 1069 591 1135 ibi
618 1070 749 1155 legitur,
780 1071 821 1136 ab
849 1069 976 1154 Angelo
1004 1068 1091 1132 Maio
1121 1074 1154 1134 et

145 1153 263 1221 Oarolo
286 1157 456 1242 Muellem,
483 1159 601 1242 quippe
624 1159 679 1242 qui
707 1158 777 1223 solo
803 1158 911 1224 codiee
934 1156 1152 1222 Ambrosiano

143 1247 325 1327 uterentur,
353 1246 399 1309 ita
422 1245 544 1309 editum
568 1249 631 1328 est,
657 1249 694 1311 ut
717 1246 898 1311 abundaret
920 1245 1008 1310 vitiis
1031 1246 1153 1329 gravis-

146 1332 246 1398 simis.
288 1332 432 1409 Quorum
455 1355 531 1418 pars
555 1334 697 1398 maxima
720 1334 839 1399 codicis
858 1333 1067 1398 Taurinensis
1091 1355 1152 1416 ope

143 1420 216 1484 tolli
243 1421 364 1505 potuit,
391 1421 454 1484 nisi
482 1420 598 1484 folium
626 1421 711 1484 sucis
733 1420 874 1504 Peyroni
902 1421 1090 1486 horribilem
1117 1422 1152 1485 in

143 1509 274 1572 modum
297 1529 428 1592 pessum
453 1510 564 1572 datum
587 1510 681 1572 esset.
726 1507 805 1592 Legi
827 1509 930 1593 igitur
951 1508 1045 1574 haee:

143 1716 198 1782 fol.
221 1716 318 1782 XLI0.
358 1717 549 1782 mortalibus
573 1717 612 1782 de
635 1717 652 1780 f
914 1717 1032 1782 esaium
1057 1717 1152 1818 quib3

356 1828 417 1890 que
577 1805 619 1870 tis
643 1805 719 1870 faa
742 1807 841 1931 01311Ρ
869 1895 878 1932 p
937 1896 946 1932 ἓ
994 1828 1008 1870 s
1033 1826 1151 1912 qmppe

355 1944 492 2010 homulli
504 1966 570 2010 non
584 1944 673 2012 videt
687 1947 777 2011 varia
821 1967 842 2029 q
861 1945 880 2009 d
898 1945 979 2011 haee
997 1946 1151 2011 reformet

354 2055 470 2117 perpes
490 2035 688 2099 eviternitas.
720 2033 805 2098 Nam
827 2034 856 2098 si
876 2033 1017 2099 facessat
1037 2039 1151 2100 casua*

355 2122 490 2184 seientia
512 2122 599 2187 laeta
622 2125 671 2187 est
858 2122 963 2186 omnis
986 2122 1152 2207 ignoratio

355 2207 458 2284 Quare
482 2208 514 2272 id
537 2214 653 2295 potatu
677 2214 691 2274 t
852 2209 1156 2276 commodissimum.

355 2293 389 2360 si
404 2317 482 2382 ergo
498 2296 549 2360 his
565 2319 729 2382 quaequae
798 2319 813 2361 s
832 2299 990 2362 instruere
1003 2301 1041 2362 ut
1054 2319 1157 2381 praes:

354 2383 420 2448 aias
450 2391 485 2447 tu
515 2407 602 2449 mam
631 2386 757 2450 lebatus
785 2388 898 2451 nostra
924 2387 1159 2470 praepotentia.

354 2492 560 2555 quaeeunque
591 2495 670 2558 gens
700 2474 743 2537 sit
773 2473 869 2537 obvia
898 2477 1020 2536 sternes
1050 2494 1150 2538 manu

353 2563 492 2642 tuncque
519 2559 598 2624 haec
625 2561 745 2624 revises
773 2561 881 2624 animo
908 2559 991 2624 liber
1013 2561 1158 2626 artubus-

355 2645 430 2710 urbs
449 2668 525 2711 vero
550 2669 645 2730 quam
669 2670 753 2712 nuno
776 2647 863 2732 regis
882 2647 994 2711 mundi
1014 2646 1157 2714 dedecus-

353 2735 457 2799 nitore
495 2736 602 2822 surgit
640 2736 762 2800 cunetis
803 2735 995 2819 exoptabilis
1035 2736 1156 2801 saeclis-

353 2823 430 2886 viris
559 2828 741 2908 temporum
759 2823 950 2890 recursibus.
990 2823 1155 2909 Unaquae

354 2932 480 2995 semper
546 2912 617 2977 luta
640 2912 700 2977 bea
755 2912 867 2978 tudine
961 2934 1061 2997 quens
1088 2912 1149 2978 deo

352 3001 691 3085 mammo
1010 3001 1148 3084 mm

353 3107 468 3152 oense
572 3111 627 3153 um
650 3110 729 3153 cono
796 3089 849 3153 dia
1062 3087 1148 3152 vitae

937 3176 1038 3240 letum
1062 3176 1149 3258 eapit

352 3284 435 3327 euna
1069 3262 1147 3348 quip

352 3375 391 3436 pe
415 3353 484 3436 ipse
645 3352 766 3435 coeptis
785 3351 915 3435 praesul
935 3350 1044 3415 oiviois
1063 3349 1148 3414 inter

352 3441 483 3505 minatis
499 3439 650 3510 saeculus
664 3438 787 3504 cursibs
801 3434 1146 3605 fundata(¹”⁸ss”¹¹)quod

354 3529 396 3593 sit
419 3530 515 3594 tellus
540 3528 628 3594 hisee
647 3527 775 3610 legibus
794 3526 880 3590 rides
904 3547 938 3590 se
970 3531 1033 3599 5¹23
1068 3544 1146 3586 reno

947 3623 987 3678 b*
