2648 3924
178 209 241 275 148
308 255 310 259 .
567 175 703 267 ‘crana
721 211 769 268 m.

175 373 313 438 iniuriae
341 373 420 437 facit
453 377 485 437 et
518 373 670 456 perfacile
702 374 855 438 damnum
884 374 935 436 est
962 372 1094 456 regibus
1123 394 1186 436 uno

175 461 279 525 milite
310 461 461 528 caruisse.
511 460 600 526 'l'unc
628 462 803 548 legationis
834 461 884 525 ius
915 466 948 524 et
974 459 1088 524 foedus
1115 483 1187 545 per·

175 555 310 634 petuum
325 550 597 617 internuntiorum
616 552 650 614 in
669 550 764 616 nobis
783 548 962 615 claudicare
980 569 1045 612 non
1061 546 1186 612 sinam?
1302 589 1303 594 κ

177 637 229 703 Ad
248 638 327 702 haec
342 635 523 703 Candaules
543 639 641 703 etiam
660 638 795 721 excipit:
814 637 939 721 ‘Neque
959 657 1035 700 sane
1055 636 1095 700 ad
1114 638 1187 714 ista,
1302 633 1303 642 ’

150 743 261 809 squas
284 726 371 791 iusta
395 730 479 810 sunt,
503 727 640 791 anobis
665 748 793 811 quoque
817 726 922 790 aberit
945 725 1111 808 Antigono
1135 725 1187 788 de·
1302 733 1303 748 ¹

175 814 329 896 fensati03
352 815 562 898 nequeenim
581 816 742 900 ingenuae
761 814 975 880 conscientiae
999 816 1056 890 cst,
1081 835 1100 877 a
1123 834 1186 897 quo

176 903 239 967 tibi
272 903 410 968 salutem
444 903 553 967 datam
585 905 714 988 tuisque
746 902 894 984 fatearis,
929 901 1011 965 eius·
1029 901 1187 964 iniustum

177 991 311 1055 exitium
335 989 535 1074 prodidisse?
578 989 640 1056 Sed
664 992 750 1056 enim
774 992 889 1055 fortior
912 990 1051 1053 iuvenis:
1075 988 1187 1053 ‘Num-

178 1079 255 1162 quid
279 1100 356 1164 ergo
380 1080 493 1163 mavis,
515 1077 690 1163 Candaule,
714 1101 810 1163 super
832 1079 895 1144 hoc
914 1075 1073 1162 Antigoni
1095 1099 1187 1161 prae-

138 1186 163 1226 10
178 1168 243 1233 mio
273 1168 361 1233 bello
391 1189 451 1231 nos
480 1167 671 1233 decernere?
721 1168 841 1233 Utrum
871 1167 956 1231 enim
986 1167 1103 1230 iustius
1134 1166 1187 1248 sit,
1303 1225 1304 1228 ,

122 1337 126 1342 ¹
176 1255 265 1337 vide,
297 1255 452 1320 ultionem
482 1258 549 1321 suis
583 1278 625 1320 an
656 1277 733 1322 vcro
760 1256 864 1320 vicem
897 1255 1021 1341 gratiae
1050 1255 1186 1337 praesti-

176 1344 294 1408 tissel'
339 1344 415 1408 Ibat
438 1345 676 1410 adolescentior
704 1346 812 1409 fervor
841 1347 873 1408 et
895 1345 943 1407 vis
967 1365 1040 1408 cum
1064 1344 1187 1425 impetu

178 1432 277 1497 animi
301 1432 419 1517 regalis
444 1436 476 1496 et
499 1454 537 1496 ex
559 1435 631 1516 pari
654 1435 822 1517 utriusque
842 1432 982 1517 gliscens
1005 1430 1186 1514 indignatio

178 1522 390 1604 asperabatnr
412 1522 640 1606 metuebatque
664 1527 781 1603 mater,
810 1520 922 1605 ecquid
945 1523 1034 1584 aetas
1057 1519 1115 1582 illa
1142 1522 1186 1582 te·

138 1627 164 1667 15
178 1631 266 1673 mere
290 1610 497 1674 consultaret.

268 1695 326 1778 41.
363 1695 502 1762 Seducto
534 1699 634 1782 igitur
666 1697 864 1763 Alexandro:
897 1693 1038 1778 ‘Nunc,'
1071 1695 1188 1778 inquit,
1205 1706 1248 1757 65.

179 1785 318 1868 ‘tempus
347 1790 397 1850 est
424 1789 499 1850 tuae
527 1786 708 1850 celebratae
732 1785 937 1870 prudentiae3
965 1783 1187 1866 reperiendum

179 1874 265 1937 enim
290 1874 418 1938 consilii
438 1894 549 1958 genua,
573 1895 636 1957 quo
660 1874 735 1937 filiis
760 1895 856 1937 causa
879 1872 982 1936 civilis
1001 1871 1117 1955 proelii
1141 1870 1186 1934 di·

178 1960 328 2025 labatur?
370 1960 463 2026 Bono
487 1963 594 2025 animo
619 1983 690 2025 ease
712 1963 858 2044 reginam
883 1960 1065 2024 Alexander
1087 1958 1187 2024 iubet.
1304 1979 1305 1996 ¹

139 2067 165 2105 ²⁰
180 2050 287 2125 Quare
318 2071 466 2114 reversus
499 2049 538 2114 ad
571 2050 702 2114 iuvenes
742 2049 873 2134 ‘Neque
908 2070 959 2112 me
992 2045 1095 2129 sane,’
1133 2048 1188 2130 ait,

179 2137 301 2202 ‘minae
331 2139 414 2203 istae
448 2138 565 2203 mortis
599 2159 796 2222 magnopere
830 2137 997 2202 terrebunt
1028 2157 1087 2201 nec
1116 2137 1187 2220 regi

178 2247 250 2292 meo
270 2226 427 2292 damnosa
451 2227 530 2291 satis
549 2227 711 2292 videbitur
735 2227 798 2291 ista
821 2227 954 2290 iactura.
991 2225 1078 2300 Quot
1101 2225 1188 2288 enim

179 2315 359 2379 satellitum
382 2315 474 2380 milia
497 2320 530 2379 et
552 2319 692 2400 quantus
716 2315 930 2380 animantium
952 2335 1105 2377 numerus
1126 2313 1189 2377 hoc

178 2404 247 2488 regi
271 2404 462 2488 obsequium
482 2404 660 2488 meliusque
683 2404 745 2469 boc
768 2407 933 2487 praestare
956 2424 1022 2466 non
1046 2401 1188 2484 poterit?

139 2507 166 2547 ²⁵
179 2492 354 2557 Enimvero
383 2512 443 2576 ego
470 2493 552 2556 cessi
579 2491 744 2557 Candaces
774 2491 898 2575 gratiae
926 2494 1095 2574 vesterque
1122 2491 1189 2553 iam

178 2581 284 2659 fuam,
314 2581 343 2645 si
371 2580 501 2665 quidem
526 2581 573 2644 ita
599 2581 695 2646 nobis
724 2581 764 2644 ad
791 2580 887 2645 fidem
916 2579 1050 2656 sederit,
1078 2579 1126 2643 uti
1150 2599 1189 2641 ex

178 2669 417 2752 praedicatione
441 2669 553 2752 vestri,
581 2670 771 2752 praesertim
795 2668 883 2732 hisce
907 2667 1112 2732 liberalitatis
1142 2667 1189 2730 in·

179 2755 270 2820 diciis
298 2755 393 2819 facile
422 2755 643 2820 Alexandrum
672 2757 800 2822 ductam
827 2757 889 2820 huc
918 2756 957 2819 ad
985 2777 1042 2820 vos
1071 2758 1189 2839 sponte

177 2845 354 2928 pervenire,
377 2845 568 2928 praesertim
587 2845 666 2918 adeo
686 2845 856 2911 immodice
875 2843 1015 2908 habendi
1036 2843 1189 2925 cupidum

138 2957 165 2998 ao
179 2937 275 3017 atque
299 2932 414 3015 opibus
438 2932 632 3017 inhiantem3
657 2934 713 3017 qui
737 2955 809 2997 cum
832 2933 1007 3018 perexiguo
1031 2929 1193 2996 comitatu

178 3026 305 3087 vestrae
329 3043 363 3085 se
386 3020 462 3085 fidei
486 3022 691 3106 commiserit,
715 3020 800 3086 haud
825 3021 937 3107 magni
960 3021 1087 3103 faciam,
1110 3019 1189 3103 quid

267 3216 284 3265 t
303 3212 405 3268 abierit
416 3213 449 3268 P.
487 3218 503 3266 9
522 3213 657 3269 mavisA.
676 3213 809 3268 maiusP.
849 3218 880 3266 12
900 3212 930 3265 et
947 3211 989 3265 vie
1007 3227 1069 3290 cum
1089 3226 1139 3264 om.
1152 3210 1187 3263 P.

180 3289 214 3336 14
231 3283 382 3352 separabat
400 3283 436 3364 Ρ.Ι
471 3283 571 3351 ecquid
590 3285 697 3354 scripsi.
722 3287 751 3337 et
769 3283 844 3351 quod
863 3283 935 3340 A.P.
960 3282 1064 3363 nequid
1079 3281 1142 3362 Mc.

149 3455 153 3462 -
178 3428 213 3475 24
231 3352 892 3491 noqlqoqqrietnqnlqnqcffidelarssqeaqqqqqt112.ss
911 3354 1135 3478 fddmanrldnlidffi
1153 3350 1189 3475 ξ.

179 3490 411 3617 {chqqlilepffl
444 3494 546 3550 faciam
570 3495 643 3551 Mai.
656 3497 714 3551 Mr.
748 3497 859 3550 ductem
882 3495 981 3549 Saldae.
1014 3494 1129 3548 ductum
1152 3492 1188 3548 A.
