2648 3924
188 199 253 263 160
603 197 712 254 arana
730 197 776 252 111.
812 161 815 166 ¹
900 223 905 232 ·

187 383 299 426 rursus
328 360 492 425 sacrifieiis
515 361 736 444 persolvendis
765 359 824 422 deo
849 357 930 440 Soli,
959 358 1044 442 quod
1072 359 1198 424 nullum

136 479 143 492 ·
188 451 319 515 omnino
334 451 451 534 ignem,
471 470 509 512 ex
525 471 588 532 quo
603 449 735 513 luminis
750 448 835 512 foret
849 447 951 531 copia,
969 447 1198 532 inveniremus,

189 538 358 602 abscedere
381 536 524 601 indidem
544 537 815 601 confirmavimus.
852 534 934 599 Tum
954 556 1029 598 vero
1054 535 1198 599 divinum

189 627 349 710 quoddam
378 625 533 690 auxilium
561 625 804 690 demorantibus
827 623 1074 707 praevenientes
1102 625 1197 689 nobis

160 715 343 798 ⁶quasdam
366 714 491 797 effigies
509 714 679 778 numinum
699 733 828 777 cernere
851 712 914 776 fuit
932 734 1005 776 cum
1023 712 1196 777 luminibus

187 802 423 887 lampadarum,
449 824 528 885 quas
553 825 572 865 a
595 802 732 865 materia
756 801 885 886 argenti
905 801 1029 864 eminus
1049 802 1197 865 aestima·

187 892 314 971 bamus,
338 894 434 973 atque
454 892 501 954 ita
520 890 599 953 victi
618 889 769 974 ductique
789 888 925 952 Tanaim
943 911 1045 973 usque
1063 889 1198 954 fluvium

189 979 443 1063 supervenimus.
488 977 521 1042 Is
545 976 665 1041 Tanais
690 1000 706 1041 e
731 976 972 1060 septemtrionis
996 977 1140 1061 partibus
1164 978 1196 1042 in

189 1066 343 1151 Caspium
376 1088 463 1130 mare
496 1066 659 1149 profluens
690 1066 803 1130 Asiam
836 1065 939 1131 fertur
968 1065 1197 1150 Europamque

145 1167 175 1219 10
190 1156 379 1219 discernere.
433 1153 541 1218 Laeva
572 1154 674 1239 igitur
707 1155 774 1218 eius
806 1154 921 1218 itinere
953 1175 1124 1238 permenso
1157 1155 1197 1218 ad
1308 1199 1311 1228 s

188 1243 306 1308 Xerxis
330 1262 432 1326 regna
455 1244 668 1326 pervenimus,
692 1265 773 1325 quae
796 1246 872 1326 post
893 1241 1006 1306 habita
1025 1241 1101 1326 Cyri
1122 1245 1197 1306 sunt

190 1354 227 1395 ac
246 1331 423 1415 nominata,
446 1331 556 1414 ibique
575 1332 680 1395 multa
702 1353 799 1415 opum
818 1331 980 1416 regiarum
1004 1353 1041 1395 ae
1066 1331 1196 1396 divitias

190 1419 390 1484 offendimus.
443 1417 529 1483 Nam
566 1423 599 1483 et
631 1419 744 1483 aedem
780 1420 941 1503 quandam
979 1419 1019 1484 ad
1057 1420 1196 1503 speciem
1215 1431 1261 1484 85.

191 1507 304 1572 Graeci
333 1508 440 1591 operis
468 1507 536 1571 illic
563 1508 921 1594 magnificentissimam
951 1508 1072 1572 viseres
1100 1508 1197 1591 inque
1309 1513 1310 1516 ’

149 1616 174 1655 rs
189 1618 226 1660 ea
254 1596 329 1660 aede
359 1597 458 1660 etiam
485 1618 641 1681 responsa
665 1596 754 1674 darev
769 1600 982 1660 memoratum
1005 1616 1114 1680 regem
1138 1597 1197 1658 sei·

190 1685 384 1749 scitantibus
418 1684 590 1749 celebrant.
644 1684 689 1748 Et
726 1685 823 1748 situm
856 1684 976 1748 ibidem
1009 1685 1042 1748 in
1074 1684 1197 1768 templo

191 1774 309 1836 viseres
343 1774 468 1837 varium
501 1794 599 1857 opus,
635 1773 809 1856 tropheum
846 1794 978 1837 aureum
1016 1772 1197 1855 dependens

191 1860 327 1923 aedificii
351 1860 389 1924 de
414 1860 565 1944 culmine,
594 1860 852 1945 adhaerebatque
874 1861 924 1924 illi
947 1861 1084 1944 tropheo
1108 1861 1197 1926 orbis

191 1947 322 2030 quidam
346 1949 385 2012 ad
410 1947 540 2012 modum
559 1949 728 2032 vertiginis
748 1950 881 2033 caelibis,
905 1951 1063 2034 superque
1087 1951 1198 2013 orbem

149 2056 175 2094 ac
191 2036 399 2100 simulacrum
427 2036 598 2100 columbae
626 2037 814 2121 sessitabat‚
845 2037 929 2121 quod
956 2038 1013 2102 ubi
1042 2059 1199 2120 responsa
1308 2116 1310 2127 Ι

190 2145 245 2188 rex
268 2124 397 2208 diceret,
420 2125 569 2189 humanis
588 2126 720 2190 vocibus
739 2126 919 2190 sciscitanti
941 2126 1030 2209 loqui
1050 2126 1198 2190 ferretur.

189 2212 226 2277 Id
240 2213 413 2296 tropheum
431 2236 503 2278 cum
523 2213 648 2278 auferre
666 2213 807 2278 indidem
827 2214 907 2278 mihi
925 2214 1085 2296 cupiditas
1104 2214 1198 2297 foret,

189 2301 237 2364 nti
261 2303 382 2366 advos
407 2302 503 2365 etad
527 2306 671 2367 nostram
696 2302 866 2367 Graeciam
889 2303 1084 2386 mitteretur,
1112 2302 1199 2366 idem

191 2390 245 2472 qui
278 2390 427 2473 aderant,
459 2392 695 2455 contenderunt
726 2413 795 2454 rem
830 2413 955 2456 sacram
992 2413 1062 2454 esse
1095 2412 1198 2473 neque

148 2496 175 2536 as
190 2478 423 2542 contemnendo
438 2479 580 2562 periculo
594 2479 740 2543 invadari
761 2502 780 2542 a
797 2480 948 2564 quopiam
962 2501 1067 2562 posse.
1093 2477 1200 2542 Multa
1308 2540 1310 2551 ⁴

189 2567 290 2651 igitur
314 2567 378 2631 alia
402 2589 537 2651 quoqne,
561 2589 643 2651 quae
666 2567 866 2650 miraremur,
890 2566 1090 2651 offendimus,
1113 2567 1200 2631 inter

190 2676 272 2737 quae
291 2659 415 2718 cratera
434 2656 533 2720 etiam
553 2659 741 2740 argenteum
761 2657 950 2738 capacitatis
970 2655 1011 2718 ad
1026 2656 1199 2739 amphoras

189 2763 291 2824 usque
323 2746 484 2807 trecentas
518 2748 551 2808 et
581 2745 758 2829 sexaginta.
811 2743 891 2808 Eius
925 2745 1115 2826 capacitatis
1149 2747 1200 2808 est
1310 2781 1312 2792 ·

278 2984 327 3040 52.
354 2985 599 3039 Ademorantibus
618 2989 654 3042 A.
681 2986 921 3041 desiderantibus?
977 2987 1110 3042 beminis
1129 3003 1200 3042 corr.

190 3069 224 3109 aa
250 3057 357 3108 eminus
383 3055 418 3110 A.
492 3061 506 3108 7
533 3055 603 3110 victi
629 3057 761 3125 ductique
786 3059 821 3112 A.
854 3057 908 3112 iuti
933 3058 1086 3128 ductique?
1127 3056 1201 3111 Hine

190 3124 297 3193 egressi
329 3125 447 3180 Tanaim
478 3143 565 3194 usque
593 3133 658 3197 post
690 3129 818 3183 laeenam
849 3130 950 3198 incipit
984 3130 1016 3182 P.
1117 3127 1201 3182 8‘Is

189 3196 368 3249 Tanais-10
383 3196 550 3252 discemere’
567 3213 617 3252 om.
631 3199 663 3255 P.
705 3205 737 3252 12
753 3199 934 3268 agnominata
946 3200 978 3254 P.
1017 3205 1051 3253 14
1066 3200 1156 3254 visere
1167 3199 1201 3252 P.

191 3270 223 3318 17
239 3268 347 3319 varium
366 3284 435 3336 opus
454 3284 504 3322 om.
523 3268 557 3322 P.
589 3273 731 3338 stropeum
748 3273 782 3324 A.
815 3265 1085 3340 ὀρτυγοτροφεῖον
1103 3269 1200 3325 Graec.

191 3341 223 3388 18
246 3336 502 3406 ‘adhaerebatque'
523 3355 606 3408 usque
624 3343 662 3395 ad
680 3346 711 3393 21
730 3341 880 3394 ‘ferretur'
902 3357 952 3396 om.
974 3342 1008 3394 P.
1075 3347 1108 3395 22
1129 3342 1202 3395 stro-

187 3419 241 3470 peo
265 3409 299 3460 A.
333 3406 364 3460 Id
388 3411 531 3478 stropeum
555 3413 590 3463 A.
623 3410 652 3466 in
675 3410 823 3480 tropheum
848 3412 881 3466 P.
973 3417 1006 3466 25
1030 3411 1159 3466 invadari
1185 3429 1203 3466 a

190 3475 376 3604 qpqpeimeA.
403 3477 433 3532 in
453 3477 570 3532 audatia
588 3497 644 3550 quo
662 3483 739 3551 piam
757 3481 788 3536 P.
816 3479 938 3536 involari
957 3483 1056 3538 Setiae.
1103 3489 1137 3536 27
1158 3499 1202 3537 ar-
