2648 3922
477 175 613 232 -ORTUS
631 174 853 232 ALEXANDRI.
1160 176 1180 239 9

167 340 319 404 visitatus
347 359 413 404 una
442 339 577 423 agebat3
605 360 707 422 neque
738 337 824 402 enim
851 336 954 402 videri
983 357 1017 401 se
1046 357 1085 400 ex
1113 339 1182 402 arte

168 427 296 514 magica
326 430 539 493 concesserat.
589 426 737 510 Denique
768 431 802 491 et
830 425 978 491 interfuit
1009 423 1182 508 aliquando

169 516 393 583 effervescenti
429 515 495 582 iam
527 514 679 600 Philippo
716 519 750 579 et
786 514 957 599 coniugem
992 513 1183 597 increpanti,
1221 547 1224 551 ·

170 604 257 689 quod
283 604 339 669 ille
363 608 538 688 conceptus
562 626 628 669 non
656 625 695 668 ex
718 602 777 668 deo
802 603 929 668 mulieri
950 600 1043 666 foret.
1090 600 1182 678 Quod

170 715 243 759 cum
285 693 417 758 auribus
454 690 662 758 Nectanabus
703 695 894 775 usurpasset
935 689 1210 774 conviviumques

170 782 297 847 celebre
327 785 360 846 et
388 782 515 867 regium
542 783 712 865 pararetur
742 780 784 845 ob
812 779 1030 845 reversionem
1061 777 1184 843 scilicet

170 869 314 953 Philippi
337 873 448 935 votum
473 891 510 935 ac
533 868 709 953 redditum,
737 869 883 933 omnium
911 869 982 933 erat
1003 867 1107 931 visere
1130 867 1183 932 da

116 1027 121 1035 ,
170 957 287 1043 psilem
311 958 392 1022 satis
416 957 627 1041 diffusamque
650 956 826 1040 lasciviam,
849 977 908 1022 neo
930 959 1042 1021 tamen
1059 954 1184 1040 Philip·

170 1069 248 1130 pum
262 1045 402 1112 frontem
416 1047 451 1110 in
465 1045 624 1110 laetitiam
641 1045 830 1128 explicasse,
849 1044 936 1128 quod
950 1047 1184 1128 praegnantem

171 1133 402 1220 Olympiadem
422 1133 595 1200 admodum
614 1135 823 1218 suspectaret.
855 1134 947 1219 Ergo
965 1136 1002 1197 ut
1020 1133 1085 1197 iam
1103 1137 1183 1197 tern-
1198 1155 1225 1196 ro

170 1245 231 1307 pus
255 1223 450 1288 convivandi
478 1225 562 1306 erat,
590 1223 701 1288 statim
731 1243 765 1286 se
793 1221 896 1286 reficit
918 1220 1128 1287 Nectanabus
1151 1225 1185 1285 et

170 1310 329 1377 reformat
350 1312 385 1376 in
406 1310 501 1375 illum
520 1309 668 1376 draconis
688 1309 827 1394 quidem,
850 1310 907 1374 sed
931 1309 1109 1375 auctiorem
1128 1309 1184 1373 ali·

172 1400 366 1484 quantulum
379 1401 520 1464 mactum
540 1421 643 1484 eoque
662 1397 882 1482 reptabundus
895 1399 1073 1480 triclinium
1087 1419 1185 1481 pene-

170 1491 251 1572 trat,
279 1491 351 1554 tum
380 1487 569 1573 spectabilis
598 1487 717 1570 specie,
744 1491 814 1550 tum
841 1486 1011 1552 maiestate
1039 1486 1184 1570 corporis

170 1577 284 1656 totius,
306 1580 376 1641 tum
400 1577 498 1641 etiam
522 1577 670 1640 acumine
694 1573 865 1640 sibilorum
890 1574 969 1640 adeo
988 1574 1128 1640 terribili
1152 1578 1186 1638 et
1200 1596 1227 1636 15

172 1665 292 1746 divino,
308 1667 345 1729 ut
359 1664 571 1730 fundamenta
585 1665 684 1729 etiam
696 1663 902 1747 parietesque
917 1662 1079 1728 conclavis
1095 1663 1186 1747 quati

172 1775 209 1818 ac
228 1753 349 1818 motari
367 1753 561 1819 viderentur.
606 1751 730 1819 Ceteris
749 1752 852 1838 igitur
869 1751 1130 1836 prosultantibus
1149 1772 1186 1817 ao

173 1841 398 1908 delabentibus
423 1845 526 1925 metu,
554 1863 620 1906 una
643 1839 824 1926 Olympias,
852 1861 915 1924 quo
944 1840 1041 1905 fidem
1064 1838 1187 1905 faceret

172 1930 280 1996 divino
305 1929 515 2012 commercio,
538 1951 671 1994 manum
694 1929 860 2014 protendit
883 1929 923 1994 ad
946 1928 1095 1994 bestiam.
1140 1927 1187 1992 At

171 2040 247 2084 vero
277 2018 391 2104 draco,
422 2021 459 2084 ut
486 2018 666 2083 lubentiam
695 2018 745 2082 sui
773 2018 940 2100 proderet,
968 2021 1001 2082 ot
1027 2021 1125 2101 caput
1152 2017 1186 2081 in
1200 2038 1227 2077 ro

173 2109 281 2172 sinum
312 2106 458 2171 mulieris
489 2105 634 2170 extendit
663 2110 697 2171 et
727 2127 822 2171 omne
852 2126 970 2190 agmen
998 2105 1033 2169 in
1064 2105 1185 2188 spiram

172 2196 374 2260 mansuetius
405 2194 530 2279 colligit
558 2199 591 2259 ct
619 2194 757 2278 genibus
781 2195 916 2278 sinuque
940 2192 1085 2257 mulieris
1108 2192 1186 2256 insi-

172 2285 250 2348 dens
277 2287 466 2367 promptum
500 2304 535 2348 os
565 2283 706 2367 porrigit
742 2285 774 2347 et
803 2304 875 2347 oum
903 2281 1026 2346 bisulco
1055 2281 1186 2366 linguae

173 2373 303 2437 vibratu
322 2372 469 2438 osculum
492 2371 601 2436 uxoris
626 2371 776 2454 adfectat,
799 2369 936 2455 nequid
960 2369 1090 2434 omnino
1112 2390 1186 2435 con·

172 2459 275 2544 iugali
298 2459 373 2524 fidei
392 2460 520 2524 deesset
542 2458 628 2544 apud
651 2481 724 2523 cum
747 2459 912 2541 maritum,
935 2457 987 2521 cui
1008 2457 1084 2522 talis
1103 2457 1186 2522 visio
1201 2477 1228 2519 rs

171 2549 371 2633 proderetur.
416 2547 479 2613 Hic
501 2546 673 2631 Philippus
697 2569 761 2610 una
785 2551 874 2611 metu
897 2566 1024 2628 unaque
1049 2545 1188 2610 admira-

172 2637 260 2702 tione
284 2636 429 2702 discedit
477 2633 539 2700 sed
567 2638 654 2699 ultra
675 2633 707 2700 N
710 2635 886 2700 octanabus
915 2633 1091 2717 inspiciens
1115 2634 1187 2698 dra-

174 2746 285 2790 conem
311 2725 411 2790 vertit
437 2729 471 2788 in
499 2723 640 2810 aquilam
668 2726 701 2788 et
729 2724 841 2789 volatu
865 2723 997 2788 facessit
1026 2745 1043 2787 e
1071 2723 1187 2788 medio.

172 2813 262 2878 Tunc
291 2833 330 2877 ex
358 2812 572 2878 admiratione
600 2812 728 2877 sobrius
755 2811 942 2896 Philippus:
972 2809 1015 2875 ‘0
1044 2809 1186 2894 coniux,’

264 3037 374 3092 1enim
392 3054 444 3094 om.
463 3037 496 3094 P.
552 3037 728 3093 'lredditum
747 3045 774 3093 Τ.
803 3038 926 3092 reditum
944 3038 977 3094 P.
1041 3042 1073 3091 10
1093 3036 1186 3104 Olym·
1248 3057 1251 3064 ¹

173 3110 287 3179 piadem
306 3110 449 3179 (domm.
472 3107 620 3164 mulierem
630 3109 662 3164 P.
710 3113 743 3163 12
764 3110 813 3163 sed
832 3107 986 3163 auctiorem
996 3114 1024 3160 Τ.
1048 3107 1186 3162 seductio-

172 3197 232 3234 rem
251 3180 286 3234 P.
339 3185 372 3235 13
392 3195 479 3247 eoque
498 3186 525 3234 τ.
554 3180 635 3248 eique
654 3179 686 3236 P.
733 3185 767 3233 14
788 3178 951 3248 spectabilis
969 3178 1048 3247 Epir.
1078 3181 1186 3247 specta-

173 3248 226 3306 bili
244 3250 310 3307 1.P.
355 3256 387 3305 19
407 3251 443 3304 ad
461 3250 543 3322 Bcrp.
573 3267 608 3304 an
629 3248 663 3304 P.
705 3251 789 3330 alet
807 3263 889 3329 omne
907 3248 940 3304 P.
968 3249 1039 3302 haec
1058 3265 1139 3331 omnp
1157 3255 1186 3304 Τ.

174 3321 327 3446 “Flami
354 3320 669 3446 ”ltal‘td'adtel
687 3321 942 3445 giltbllclttqt
960 3318 1198 3446 {attulit

172 3409 290 3588 lidgtupnde
308 3433 420 3587 iffa}
434 3462 473 3587 lP.
531 3466 565 3516 27
583 3409 735 3530 inspiciegns
756 3460 790 3515 P.
822 3431 983 3530 inspicienti
998 3477 1108 3531 propos.
1129 3459 1186 3515 Mr.

172 3550 241 3589 mers
255 3549 305 3589 ens
352 3549 374 3588 r.
413 3549 456 3589 cc.
