2648 3922
450 228 570 285 ORTUS
588 229 811 285 ALEXANDRI.
1092 229 1136 292 43

283 391 375 446 Unum
394 406 497 458 repone
515 406 660 444 numerum
681 390 841 444 etcertum
861 388 962 443 dehinc

286 461 431 529 Unumque
450 462 515 530 post
532 461 574 528 id,
596 463 663 514 tunc
683 463 782 530 quater
799 459 902 530 viginti
920 459 978 515 sint

283 531 440 601 Decemque
458 531 571 599 iuxtim,
592 548 681 600 eaque
700 531 738 586 sit
755 530 921 600 norissima,

284 602 361 667 Quae
380 604 471 672 prima
488 602 544 656 fixa
563 608 617 656 est:
636 602 721 670 idque
740 601 779 657 sit
795 619 898 657 nomen
915 600 994 656 mihi.
1150 616 1164 655 4

213 709 272 778 32.
297 710 369 776 Hoc
391 712 492 796 igitur
515 711 646 776 oraculo
670 732 728 796 per
749 711 892 794 quietem
911 711 1042 776 doctum
1061 709 1136 775 Ale·
1156 720 1200 771 35.

122 801 282 866 xandrum
310 800 387 864 deus
414 802 447 864 in
476 821 590 864 somno
615 800 795 884 dereliquit.
841 801 886 863 At
909 799 965 864 ille
994 799 1138 883 expergi-

123 891 225 954 scitur
242 889 437 973 recoltisque
457 888 563 953 verbis
583 909 619 952 ac
639 888 813 952 memoriae
833 887 1032 953 confirmatis
1050 887 1137 952 huno

11 1019 18 1046 ,ι
123 978 253 1042 (1011111111
284 999 369 1063 esse,
398 999 494 1062 quem
525 977 667 1061 quaerit,
697 977 819 1041 scilicet
847 975 997 1060 Sarapim
1027 975 1138 1040 mundi

123 1069 226 1132 totius
256 1066 422 1131 dominum
453 1070 675 1150 rectoremque
705 1065 883 1129 confirmat.
936 1064 1005 1129 Ara
1038 1065 1138 1149 igitur
1185 1127 1190 1136 ,

123 1156 175 1219 vel
198 1155 339 1220 maxima
363 1156 504 1220 maximo
529 1175 625 1237 opere
648 1155 796 1218 laborata
818 1154 1014 1239 largioribus
1037 1153 1137 1218 sacris
1152 1172 1178 1212 10

123 1249 192 1308 tam
216 1243 431 1308 animantium
455 1246 560 1307 stratu
580 1263 678 1325 quam
702 1241 837 1307 odorum
856 1242 1044 1326 profusione
1068 1263 1138 1305 mu-

123 1333 240 1397 nificus
263 1333 412 1397 convivia
436 1334 535 1396 etiam
559 1331 747 1415 exsequitur
769 1330 888 1394 ibidem
908 1352 1006 1414 quam
1030 1330 1137 1393 laetis·

124 1422 216 1486 sima.
261 1421 353 1486 Tunc
376 1419 583 1484 Parmenioni
611 1419 788 1483 architecto
817 1419 989 1483 laborandi
1013 1418 1138 1483 scilicet

125 1509 298 1574 simulacra
322 1531 399 1575 cura
420 1509 604 1592 mandatur,
627 1513 663 1570 ut
686 1529 727 1570 ne
750 1507 816 1571 illis
836 1505 972 1572 Homeri
991 1507 1138 1572 versibus

125 1599 315 1681 demutaret,
338 1599 393 1682 qui
418 1598 463 1663 sic
486 1599 678 1681 loquuntur:
1152 1614 1178 1654 15

285 1718 405 1774 Caerula
422 1720 488 1772 tunc
506 1715 551 1771 illi
569 1715 717 1771 Saturnius
736 1714 836 1770 adnuit
855 1731 931 1782 arce,

284 1789 377 1846 Aurea
396 1789 536 1844 caesaries
555 1804 637 1855 quem
657 1787 752 1856 signat
769 1785 893 1841 motibus
912 1785 1003 1840 almis.

124 1898 170 1964 Et
187 1899 385 1964 Parmenion
403 1898 532 1982 quidem
557 1898 645 1961 iussa
664 1897 813 1980 complet,
837 1896 905 1980 ipse
926 1916 1052 1979 quoque
1071 1893 1139 1959 non

125 1989 304 2054 inhonorus
333 1988 397 2053 hoo
424 1988 544 2052 labore.
590 1984 716 2070 Quippe
744 1984 903 2069 templum
931 1985 1031 2048 etiam
1054 2005 1139 2048 nunc

126 2075 287 2162 Sarapion
305 2075 528 2141 Parmenionis
553 2073 744 2158 appellatur.
786 2073 962 2138 Enimvero
981 2072 1138 2137 hactenus
1153 2093 1179 2132 10

125 2165 188 2230 tibi
211 2187 307 2249 super
330 2164 473 2230 civitatis
496 2163 585 2227 illius
610 2162 743 2227 conditu
766 2161 889 2227 dictum
912 2161 1058 2225 habebis.

215 2252 274 2320 33.
291 2252 473 2318 Alexander
484 2273 580 2336 porro
594 2255 706 2316 coacto
720 2250 808 2315 omni
822 2249 964 2314 exercitu
978 2248 1063 2312 exim
1086 2251 1212 2309 XXXIV.

127 2343 167 2407 ad
191 2343 334 2427 Aegypti
358 2342 515 2406 ulteriora
538 2339 705 2405 contendit
727 2338 825 2403 classi
847 2339 936 2402 iussa
960 2359 1030 2411 sese
1054 2336 1202 2420 011111136-

126 2431 284 2516 Tripolim
309 2431 459 2516 opperiri.
501 2427 562 2494 Sed
586 2429 620 2492 id
643 2427 705 2491 iter
727 2428 823 2511 longe
848 2426 1139 2490 laboriosissimum

216 2608 317 2675 2post
334 2604 364 2659 id
383 2604 455 2659 Mai.
483 2603 548 2672 post
565 2601 629 2656 idus
649 2601 684 2656 A.

214 2676 263 2733 82.
287 2677 352 2732 6111
371 2692 468 2730 somno
487 2681 514 2726 1.
543 2691 606 2728 cum
626 2687 724 2726 somno
742 2672 779 2727 A.
816 2669 1019 2740 expergiscitur
1037 2676 1065 2724 ’.1.
1095 2686 1140 2725 011-

127 2747 254 2818 pergitus
273 2750 308 2802 A.
404 2744 595 2813 8011001111.
625 2743 772 2812 quaereret
788 2741 825 2795 A.
918 2747 952 2795 10
970 2742 1093 2796 maxima
1112 2748 1140 2794 1.

126 2835 177 2874 om.
198 2821 233 2873 A.
276 2824 308 2872 11
329 2819 448 2873 stratum
468 2823 495 2871 r.
539 2821 571 2869 13
591 2813 850 2870 artio...ercitecto
869 2819 897 2866 ’.1.
936 2817 970 2866 14
988 2812 1045 2867 11110
1066 2813 1140 2867 Mai.

127 2889 172 2942 illi
185 2890 255 2945 'LA
295 2894 327 2944 15
347 2888 396 2957 qui
414 2886 455 2943 sic
473 2889 605 2941 locuntur
619 2893 646 2940 1.
667 2885 749 2955 quasi
768 2885 915 2939 elocuntur
928 2884 964 2939 A.
1003 2890 1035 2939 16
1055 2883 1099 2937 1111
1113 2890 1140 2939 r.

127 2959 166 3015 oli
184 2961 220 3016 A.
253 2959 382 3015 caerulea
401 2959 466 3012 huic
485 2957 560 3013 oculi
580 2955 675 3027 Geyer.
719 2962 752 3011 1‘1
771 2972 854 3025 quem
876 2955 971 3025 Geyer.
998 2973 1052 3025 que
1071 2954 1141 3008 nA.

128 3031 152 3084 si
191 3035 222 3086 at
239 3031 276 3084 A.
302 3032 384 3101 signa
401 3036 428 3084 ’.1.
462 3028 584 3084 motibus
603 3035 630 3082 Τ.
655 3027 795 3082 mentibus
814 3029 849 3081 A.
888 3033 921 3082 19
940 3025 1094 3082 inhonorus
1112 3031 1140 3079 T.

128 3100 134 3112 '
177 3103 270 3157 onorir
285 3102 321 3157 A.
367 3106 403 3156 10
421 3101 557 3155 hactenus
572 3100 679 3172 scripsi.
700 3099 849 3154 0011111101.
868 3113 918 3153 om.
934 3098 969 3152 A.
1022 3102 1056 3150 21
1077 3112 1141 3150 con-

127 3172 189 3228 ditu
207 3180 234 3228 T.
264 3172 408 3228 conditum
426 3172 462 3227 A.

215 3245 264 3299 83.
297 3243 361 3299 Hoc
383 3245 473 3312 cupite
494 3243 593 3296 iterum
615 3241 716 3309 incipit
741 3239 804 3295 (lod.
829 3239 877 3306 P.,
898 3241 931 3294 io
953 3253 1005 3307 qao
1027 3237 1142 3292 initium

126 3317 229 3384 capitis
246 3316 289 3369 ita
308 3316 421 3382 rapitur.-
444 3313 603 3368 Alexander
621 3310 687 3364 inde
706 3310 850 3380 digressus
871 3310 909 3364 ad
927 3307 1050 3378 Aegypti
1069 3307 1141 3363 ulte·

126 3385 202 3440 riora
225 3385 378 3440 contendit.
420 3385 459 3438 Et
483 3402 544 3439 cum
569 3381 724 3452 Memphim
747 3381 883 3448 venisset,
907 3380 1052 3434 inductum
1078 3397 1142 3434 eum

125 3456 155 3510 in
174 3457 273 3510 aedem
291 3457 487 3526 templumque
505 3453 625 3507 Vulcani
644 3453 768 3507 statuam
787 3452 929 3534 quandam
946 3451 1028 3520 nigro
1047 3450 1142 3521 lapide
1184 3457 1189 3466 ‘

125 3525 251 3582 intuetur
270 3543 334 3582 cum
356 3528 408 3582 illa
432 3543 516 3596 super
534 3525 700 3579 Nectanabo
723 3523 919 3595 incomptiore,
942 3522 1142 3593 imperatorem

127 3597 238 3654 scilicet
255 3606 302 3656 etc.
323 3629 356 3640 -
376 3605 411 3653 24
429 3597 458 3652 id
477 3595 607 3651 11111011.
636 3595 690 3650 iter
708 3597 744 3649 A.
