2648 3922
481 195 599 252 ORTUS
617 195 840 251 ALEXANDRI.
1125 196 1165 260 19

153 359 338 440 mittuntur,
357 379 397 421 ne
415 358 611 444 prodegeris,
630 359 686 434 fili,
704 379 762 422 nec
781 359 965 423 litterarum
979 358 1166 423 Aristotelis

154 446 193 510 de
220 451 253 512 te
276 447 490 530 praeverteris
516 447 749 512 testimonium.
795 447 892 530 Enim
920 446 1008 531 frugi
1034 450 1067 511 te
1096 469 1166 514 esse

154 534 353 620 parcimonia
386 533 622 619 comprobato'
672 533 734 599 His
767 534 935 619 respondit
966 534 1165 600 Alexander:

154 622 327 708 ‘Equidem
347 624 519 688 missorum
545 645 564 687 a
586 623 690 707 robis,
714 623 760 688 mi
778 628 940 708 parentes,
963 623 1093 688 modum
1112 645 1167 688 no-

154 712 241 776 mine
261 713 370 776 vestro
390 711 525 796 dignum
543 733 610 777 non
629 712 816 778 confitebor.
853 711 1039 797 Expensam
1057 716 1194 776 tamena

155 821 267 864 corum
289 799 361 864 fieri
383 821 444 884 pro
467 801 663 865 necessitate
686 801 770 882 regii
793 801 934 865 nominis
956 801 1068 866 fateor.
1104 800 1167 866 Ne-

156 910 218 972 que
240 909 317 953 vero
346 889 385 952 de
413 909 463 951 me
492 889 643 974 magistri
670 890 800 954 litterae
827 889 1071 970 claudicabunt3
1099 888 1167 953 eius

125 977 336 1061 ,praeceptis
363 998 430 1040 non
460 977 593 1061 dignum
622 999 641 1041 a
668 998 718 1040 me
746 977 885 1042 nihilum
915 978 986 1043 fieri
1014 977 1167 1042 noscetis.

155 1064 254 1129 Enim
276 1086 334 1129 vos
363 1064 496 1130 mallem
524 1087 626 1150 neque
651 1065 804 1130 adversus
828 1066 930 1131 istaec
954 1088 1046 1131 aures
1072 1066 1167 1130 malis

158 1153 361 1217 sermonibus
393 1154 588 1218 reseravisse
619 1153 854 1238 veritatemque
886 1154 970 1219 hanc
1002 1135 1165 1220 decentius
1181 1175 1207 1213 10

156 1241 410 1307 convertissem
433 1263 498 1326 eos,
521 1243 577 1326 qui
600 1242 632 1305 id
652 1242 757 1307 facere
781 1243 910 1326 audent,
932 1247 965 1306 et
986 1243 1091 1308 nostri
1115 1264 1166 1308 eu-

154 1352 225 1394 ram
247 1331 373 1415 regiam
397 1349 494 1413 agere
517 1351 576 1413 pro
600 1330 658 1395 illa
680 1331 830 1414 populari
854 1330 998 1396 malitis'

242 1418 281 1482 Id
295 1419 362 1482 iam
378 1419 534 1502 temporis
550 1419 710 1484 decimum
726 1423 876 1502 quartum
891 1441 1011 1484 annum
1026 1419 1101 1484 Ale·
1132 1424 1217 1480 XVII.

153 1506 274 1570 rander
298 1505 490 1590 adpellebat
536 1507 599 1584 Qui
622 1529 695 1572 eum
718 1508 859 1591 quadam
882 1507 932 1573 die
956 1508 1077 1591 locum,
1101 1529 1165 1591 quo

154 1596 283 1660 clausus
308 1616 408 1680 equus
427 1594 615 1681 Bucephala
631 1595 746 1678 fuerat,
769 1597 969 1680 praeteriret,
992 1617 1164 1660 conversus
1180 1616 1205 1658 rs
1320 1627 1321 1630 ¹

155 1683 196 1747 ad
224 1683 344 1748 amicos
375 1683 436 1748 hoe
466 1685 528 1748 ait:
560 1683 605 1749 εΟ
634 1683 709 1766 viri,
738 1684 927 1749 hinnitusne
956 1705 1049 1749 aures
1077 1705 1167 1748 meas

155 1793 196 1836 an
220 1794 297 1836 vero
321 1773 447 1856 rugitus
476 1772 593 1856 aliquis
617 1773 766 1837 leoninus
790 1770 966 1839 offendit?'
1012 1773 1063 1837 Ad
1086 1772 1167 1836 haee

155 1859 377 1944 Ptolomaeus,
401 1862 455 1945 qui
480 1859 576 1925 Soter
597 1865 713 1946 postea
737 1862 924 1946 appellatus
948 1866 1013 1925 est:
1044 1860 1166 1926 ‘Immo

155 1968 231 2012 vero
255 1949 309 2012 hic
331 1949 386 2012 ille
410 1952 459 2013 est
482 1971 583 2034 equus
602 1949 796 2034 Bucephala,
819 1972 914 2034 quem
938 1951 979 2016 ob
999 1951 1167 2015 vehemen-

154 2037 235 2101 tiam
265 2038 389 2120 pariter
419 2041 451 2100 et
481 2037 716 2103 suavitudinem
747 2039 894 2104 dentium
923 2039 1079 2104 haetenus
1111 2059 1167 2102 rex
1181 2059 1207 2100 1ο

157 2124 263 2189 claudi
287 2129 381 2208 pater
402 2124 517 2190 iussit?
562 2125 608 2190 Et
635 2127 719 2192 inter
745 2127 826 2192 haec
851 2125 962 2193 rursus
986 2127 1068 2192 alius
1093 2127 1168 2210 equi

157 2212 300 2278 eiusdem
319 2213 465 2278 hinnitus
485 2214 624 2299 auditur,
645 2219 757 2280 acutus
777 2216 907 2301 quidem
924 2215 988 2298 ille,
1012 2215 1068 2279 sed
1086 2214 1168 2278 nihil

155 2301 326 2384 increpans
351 2302 391 2365 ad
409 2302 619 2367 formidinem
636 2303 818 2387 pristinam,
842 2304 928 2368 enim
946 2304 1025 2367 mite
1045 2303 1167 2388 aliquid

155 2394 189 2454 et
210 2393 425 2472 mansuetum,
447 2412 582 2474 prorsus
605 2395 643 2454 ut
665 2391 786 2456 diceres
806 2392 959 2477 adloquia
979 2392 1094 2456 illaad
1114 2391 1167 2454 do-

155 2479 277 2542 minum
306 2499 375 2542 1111
403 2479 576 2564 morigera,
604 2500 671 2543 non
699 2480 772 2562 equi
794 2480 960 2544 fremitum
983 2479 1165 2545 saevientis.
1181 2499 1207 2540 aa

155 2564 240 2630 Nam
264 2569 296 2631 et
318 2567 416 2650 pedes
440 2569 565 2652 priores
590 2568 778 2632 extenderat
801 2571 834 2632 et
857 2568 1049 2652 gesticulam
1078 2589 1166 2632 man-

156 2655 334 2719 suetudinis
358 2656 482 2720 luserat
504 2659 537 2719 11
561 2655 699 2739 supplici
723 2656 862 2740 quodam
887 2659 979 2721 motu
1002 2655 1166 2722 blanditus

156 2746 214 2808 est.
261 2743 354 2820 Quod
377 2743 433 2808 ubi
456 2743 594 2808 intuitus
618 2747 668 2808 est
691 2744 889 2830 Alexander,
915 2745 1017 2810 fuisse
1044 2746 1080 2810 in
1107 2746 1165 2810 illo

156 2832 292 2896 antehac
327 2835 395 2896 tam
433 2833 650 2897 truculentum
688 2833 831 2899 officium
869 2834 982 2900 edendi
1018 2836 1166 2901 homines

244 3057 435 3128 lprodigeris
456 3059 489 3113 P.
523 3057 671 3115 Aristoteli
688 3062 721 3116 P.
784 3059 969 3130 tregimonii
989 3062 1021 3114 T.
1081 3066 1166 3114 8110-

155 3143 234 3182 scens
255 3129 289 3182 P.
370 3130 492 3184 9malle
510 3129 541 3183 P.
622 3136 656 3184 10
675 3132 827 3185 reseruisse
847 3134 881 3186 P.
963 3136 995 3185 11
1015 3131 1044 3185 id
1062 3145 1112 3185 om.
1134 3130 1165 3187 T.

155 3202 184 3252 et
202 3198 234 3252 P.
262 3216 298 3253 ne
320 3199 349 3253 T.
433 3206 465 3253 11
485 3217 569 3268 agere
588 3201 620 3254 P.
647 3217 742 3269 gerere
764 3202 794 3258 T.
877 3209 908 3255 13
928 3203 1113 3270 quartumque
1135 3201 1164 3255 T.

156 3273 189 3323 15
207 3269 385 3338 Bucephalus
407 3271 437 3324 T.
534 3271 706 3326 1611111111
806 3277 838 3327 17
858 3287 961 3327 anvero
983 3271 1018 3324 P.
1046 3285 1112 3326 vero
1135 3272 1164 3325 T.

156 3344 189 3394 18
207 3341 359 3395 Tolomeus
377 3340 449 3395 P.T.
536 3346 570 3395 19
589 3341 768 3411 Bucephalus
790 3343 819 3396 T.
906 3348 939 3396 11
960 3341 1033 3396 altus
1052 3341 1166 3410 quidem

154 3410 203 3464 ille
224 3412 254 3464 T.
324 3411 512 3466 131111111Ρ.
581 3410 906 3467 14111110111111111
927 3413 960 3466 P.
1028 3413 1167 3484 1611111-

153 3481 281 3606 {madh
323 3479 513 3607 11711111111111
534 3481 568 3535 P.
622 3483 772 3537 camillo
792 3484 824 3541 P.
852 3482 897 3538 illi
918 3482 949 3538 T.
997 3483 1166 3540 caedendis

176 3568 262 3608 omrnr
282 3571 315 3608 us
363 3595 369 3607 .

968 3643 1006 3694 2*
