2648 3922
464 233 584 290 ORTUS
602 232 825 290 ALEXANDRI.
1106 231 1148 297 39

135 397 237 463 Heroi
261 396 423 479 seandere,
447 397 498 462 eui
520 397 601 462 talia
625 396 747 460 scilieet
766 396 909 482 anguina
928 395 1083 480 obsequio
1103 396 1118 460 f
1138 433 1149 443 ·

135 487 306 552 mulentur.
344 484 436 560 Quod
456 488 565 550 autem
584 485 752 550 oraculum
771 486 840 570 regi
860 484 988 550 somnio
1008 484 1063 549 da·
1085 489 1211 548 XXXHL

135 578 205 640 tum
236 573 530 660 quinquevertieem
561 573 631 638 fore
661 574 775 638 urbem
806 574 959 654 [somnio]
990 595 1148 658 praenun-

134 664 300 746 tiavisset,
331 663 501 728 advertens
532 662 721 746 diligentius
752 663 877 728 invenit
907 663 975 726 eius
1005 662 1148 727 universi

135 753 199 818 loei
218 773 288 816 esse
307 751 501 816 eminentias
516 751 664 835 quinque.
694 750 816 826 Quibus
834 751 869 815 in
888 754 992 816 cetero
1009 771 1175 835 aequorea

136 841 455 906 extuberaseentibus
473 839 569 904 decus
588 840 678 905 urbis
697 843 748 906 est
766 839 944 905 maximum
963 842 1149 906 constructa

136 952 194 995 ara
221 952 319 1015 quam
347 930 489 994 maxima
515 928 550 992 in
578 950 616 994 eo
645 928 735 1012 colli,
763 928 818 1012 qui
847 928 999 994 adversus
1022 926 1148 993 Heroos

135 1019 241 1084 locum
265 1019 385 1083 visitur
408 1018 499 1104 erigi.
1218 1077 1222 1084 .

227 1106 285 1172 30.
318 1106 357 1171 In
390 1129 428 1171 ea
457 1107 559 1190 igitur
588 1127 646 1170 ara
675 1105 734 1170 deo
765 1127 892 1170 summo
921 1127 1028 1170 rerum
1058 1127 1149 1188 prae·
1168 1113 1212 1165 30.

136 1196 198 1261 sidi
232 1195 490 1278 opulentioribus
524 1195 624 1260 saeris
661 1199 695 1260 et
730 1194 915 1279 religiosius
954 1194 1150 1278 operabatur
1164 1213 1190 1254 ιο

136 1306 209 1350 eum
232 1305 327 1368 praee
351 1284 422 1348 tali:
447 1282 617 1367 ‘Quisquis
644 1287 682 1348 tu
706 1283 801 1348 deum
823 1304 880 1348 rex
905 1305 953 1366 es,
980 1283 1035 1367 qui
1058 1304 1149 1365 prae·

137 1379 223 1437 stare
259 1372 374 1437 diceris
411 1372 487 1437 huie
523 1375 628 1437 terrae
661 1371 888 1454 mundumque.
914 1371 1014 1436 istum
1051 1372 1148 1436 inter·

136 1462 258 1526 minem
289 1463 393 1546 regis,
429 1460 568 1544 recipias
606 1482 727 1544 quaero
766 1482 892 1525 saemm
929 1461 992 1524 hoa
1028 1460 1150 1524 litanti-

137 1571 197 1634 que
231 1548 313 1614 mihi
345 1549 466 1614 auxilio
499 1549 559 1614 fias
591 1550 688 1614 rebus
720 1549 811 1632 pasis
844 1551 877 1612 et
907 1547 1053 1613 bellicis?
1106 1547 1151 1612 Et

136 1639 187 1703 his
217 1639 311 1703 dietis
346 1642 421 1703 exta
450 1638 589 1703 flammis
622 1659 661 1702 ex
694 1658 782 1702 more
814 1636 983 1701 inferebat.
1035 1635 1148 1702 Enim·
1163 1657 1190 1700 rs

135 1749 212 1792 vero
236 1731 367 1810 repente
392 1727 550 1792 advolans
574 1727 761 1792 invisitatae
785 1725 1016 1810 magnitudinis
1041 1725 1151 1808 aquila

137 1820 212 1880 exta
239 1816 368 1900 quidem
399 1837 416 1880 e
448 1816 598 1880 manibus
626 1814 806 1880 Alexandri
835 1814 986 1900 proripit,
1015 1817 1150 1878 tranans

137 1926 213 1969 vero
251 1906 362 1969 volatu
399 1925 497 1988 quam
534 1903 804 1990 tranquillissimo
842 1903 927 1968 aeris
964 1902 1150 1967 intersitum

137 1993 281 2077 spatium
309 1993 404 2058 alteri
432 1993 559 2059 cuidam
587 2015 663 2058 arae
690 1993 804 2076 procul
832 1995 920 2076 exta,
948 2013 1029 2076 quae
1058 2013 1149 2075 prae-

136 2083 294 2166 ripuerat,
322 2083 518 2166 superponit.
564 2080 667 2158 Quem
691 2081 830 2164 depositi
852 2081 960 2145 locum
984 2102 1058 2145 oum
1082 2081 1149 2164 qui·
1163 2101 1190 2141 ao

137 2171 211 2235 dam
231 2193 248 2235 e
267 2171 524 2254 speculatoribus
544 2170 614 2255 regi
631 2171 824 2252 nuntiasset,
842 2172 1018 2252 properato
1038 2168 1150 2232 eodem

137 2261 227 2324 venit
246 2260 431 2344 agnitisque
451 2261 543 2343 extis,
563 2281 644 2342 quae
664 2280 755 2323 saera
775 2259 842 2321 ales
863 2257 1044 2340 advexerat,
1062 2256 1151 2321 videt

136 2348 296 2432 templum
304 2367 431 2433 quoque
441 2348 609 2414 illievetus
617 2345 853 2431 magnitudinis
863 2345 1045 2430 religiosae,
1054 2345 1151 2428 quod-

137 2459 200 2520 que
212 2437 282 2502 aevi
290 2437 513 2522 longinquitas
522 2439 707 2520 superasset
715 2457 752 2499 ae
761 2433 921 2516 diruisset,
930 2433 1151 2498 simulacrum-

137 2547 198 2610 que
219 2527 413 2591 intrinsecus
434 2525 549 2590 sedens
570 2546 609 2588 ex
630 2547 668 2588 ea
690 2523 826 2587 materia
846 2523 1031 2606 figuratum,
1053 2543 1150 2604 quam
1165 2542 1191 2583 aa

138 2613 306 2679 dinoscere
325 2614 465 2679 hominis
485 2613 603 2679 virium
621 2634 686 2676 non
708 2615 767 2676 est.
807 2609 870 2676 Sed
889 2613 1023 2696 propter
1042 2609 1152 2675 seden-

228 2894 500 2950 1Heroi'T.Eberb.
524 2894 624 2949 Herois
639 2895 675 2950 A.
712 2900 728 2946 2
748 2893 856 2947 somnio
875 2894 973 2948 datum
992 2897 1019 2947 1¹.
1044 2891 1151 2946 somnio

138 2965 206 3019 dato
229 2967 265 3020 A.
294 2982 391 3020 somno
415 2965 517 3022 Eberb.
639 2970 655 3018 3
680 2964 796 3020 alterum
819 2963 927 3020 somnio
950 2963 1043 3018 delevi.
1072 2978 1152 3030 prae·

137 3034 325 3110 nuntiavisset
343 3042 370 3088 2.
395 3036 635 3105 pronuntiavisset
653 3036 689 3091 A.
745 3042 760 3091 7
780 3036 914 3090 adversus
933 3040 960 3088 2.
985 3030 1098 3087 adversi
1116 3032 1152 3085 A.

138 3107 246 3161 Heroos
265 3107 302 3163 A.
329 3107 411 3161 heros
429 3113 457 3161 2.
485 3107 571 3163 Heroi
591 3108 650 3161 Mr.
988 3135 993 3144 ·

226 3177 276 3233 80.
295 3183 328 3232 11
349 3194 413 3232 eum
432 3178 469 3232 A.
493 3178 541 3246 qui
560 3195 622 3232 eum
642 3183 693 3232 aut
711 3193 765 3245 que
784 3194 848 3232 oum
866 3183 893 3232 1¹.
965 3180 996 3227 12
1015 3172 1100 3226 istum
1116 3173 1152 3228 A.

137 3247 230 3317 ipsum
249 3255 276 3304 2.
314 3247 494 3303 interminem
513 3256 540 3304 1¹.
564 3247 714 3302 intermine
732 3247 768 3302 A.
854 3252 887 3299 15
907 3244 972 3298 exta
990 3249 1017 3296 2.
1041 3242 1098 3296 ista
1116 3244 1152 3296 A.

140 3325 172 3374 16
191 3321 307 3388 repente
326 3336 377 3375 om.
396 3320 433 3374 A.
470 3319 605 3375 advolans
624 3325 651 3372 2.
674 3316 804 3372 involans
822 3318 859 3371 A.
968 3320 1001 3369 17
1021 3330 1036 3368 e
1055 3331 1105 3369 om.
1124 3320 1152 3369 2.

137 3390 259 3459 proripit
285 3397 313 3447 Τ.
354 3390 492 3460 praeripit
518 3390 555 3444 A.
623 3393 738 3443 tranans
767 3405 833 3442 vero
861 3394 889 3440 r.
930 3388 1089 3440 transverso
1116 3385 1152 3440 A.

140 3465 171 3514 19
192 3461 316 3530 spatium
335 3465 364 3516 et
383 3461 466 3516 alteri
479 3462 515 3516 A.
540 3460 662 3530 spatium
681 3459 720 3514 ali
739 3465 766 3513 1¹.
817 3464 851 3512 22
871 3457 943 3513 extis
963 3472 1034 3524 quae
1054 3473 1105 3512 om.
1124 3462 1152 3510 2.

137 3536 172 3586 23
191 3549 302 3600 quoque
326 3549 376 3588 ons.
395 3535 432 3587 A.
522 3536 558 3585 24
577 3547 610 3585 aa
633 3531 765 3586 diruisset
787 3546 838 3584 om.
858 3535 884 3582 2.
976 3532 1011 3581 26
1029 3525 1154 3580 hominis

136 3603 238 3660 Eberb.
267 3603 375 3658 homini
393 3603 462 3658 M.
