2650 3920
467 225 598 282 OBITUS
617 225 839 282 ALEXANDRI.
1096 228 1158 292 121

147 412 200 455 eos
224 389 389 454 numerari
411 410 477 453 non
502 393 662 473 oportere,
685 390 839 474 quoniam
863 389 928 455 iam
952 411 1022 456 csse
1045 391 1158 458 desiis-

148 481 228 562 sent,
252 477 370 564 quippe
392 477 500 560 plures
519 479 726 562 pronuntiari
749 482 898 562 oportere
922 501 986 559 eos,
1010 502 1090 565 quos
1113 481 1160 546 vi-

147 567 234 648 deas,
258 588 355 651 quam
378 566 453 631 illos
478 567 611 644 scilicet,
636 588 716 651 quos
739 588 843 651 neque
867 568 952 633 oculi
974 569 1034 633 ulli
1056 591 1159 655 neque

147 656 232 720 ratio
256 655 470 739 conspicetur.
506 654 587 720 Post
611 657 736 740 quaerit
759 677 798 720 ex
821 656 896 740 alio,
919 662 1070 722 utrumne
1092 659 1160 722 vita

146 744 264 809 fortior
286 765 328 807 an
351 764 428 807 vcro
453 743 495 808 sit
518 766 616 810 mors.
658 743 771 809 Vitam
795 766 865 810 esse
885 766 1079 831 responsum
1102 750 1195 828 esta

148 832 234 916 quod
254 832 333 896 solis
353 853 479 915 quoque
497 833 676 897 ferventior
695 833 829 915 orientis
843 833 946 916 vigor,
965 834 1162 899 marcentior

147 942 224 985 vero
247 921 407 985 viseretur
430 921 595 1004 occiduus,
623 925 794 1007 ortumque
817 923 960 987 hominis
984 943 1069 1003 esse,
1097 944 1160 1006 quo

147 1009 280 1093 vivitur,
307 1013 496 1092 contraque,
524 1031 588 1094 quo
612 1009 740 1094 frigeat.
784 1009 829 1075 Itt
855 1011 888 1075 id
917 1010 1024 1094 addit,
1053 1014 1162 1076 utrum

148 1119 236 1162 mare
260 1097 436 1181 spatiosius
460 1119 543 1162 anne
565 1102 662 1164 terra.
704 1097 838 1164 Terram
861 1120 935 1164 esse
955 1100 1193 1184 respondente

147 1187 238 1252 cuius
265 1207 354 1250 mare
382 1186 506 1269 gremio
529 1190 702 1253 teneretur.
749 1187 940 1254 Sciscitatur
968 1189 1008 1264 id
1025 1209 1161 1273 quoque,
1177 1199 1224 1250 19.

149 1295 309 1359 quaenam
340 1273 485 1339 omnium
516 1274 621 1340 bestia
655 1275 802 1341 callidior
836 1281 869 1342 et
905 1277 1052 1342 astutior.
1098 1275 1161 1341 Hic

147 1384 223 1428 vero
255 1383 329 1427 cum
355 1361 423 1427 risu
450 1360 616 1428 hominem
644 1384 715 1428 esse
738 1365 949 1447 pronuntiant
976 1365 1162 1451 adduntque
1197 1421 1199 1426 .

147 1453 309 1517 rationem
331 1451 372 1515 de
400 1451 545 1533 exemplo
576 1452 639 1536 sui,
668 1453 722 1535 qui
750 1453 840 1517 solus
867 1456 919 1518 tot
946 1455 1162 1519 animantium

148 1540 239 1605 milia
261 1539 442 1622 inlexisset,
465 1543 503 1604 ut
529 1540 570 1603 ad
593 1537 814 1624 perscqrienda
836 1563 888 1624 ea,
912 1563 993 1626 quae
1017 1543 1090 1607 aliis
1114 1563 1162 1606 es·

149 1633 234 1712 sent,
262 1628 400 1712 praedae
429 1627 608 1712 cupiditate
634 1629 830 1694 laborarent
874 1628 951 1696 Non
977 1631 1028 1695 his
1056 1633 1093 1694 ut
1121 1629 1161 1694 ad
1176 1652 1204 1693 ra

148 1717 379 1782 contumeliam
407 1715 501 1781 dictis
525 1717 711 1782 Alexander
740 1718 940 1784 movebatur.
985 1718 1161 1784 Enimvero

148 1804 250 1888 addit,
278 1805 355 1890 qnid
377 1805 549 1888 imperium
578 1806 640 1871 sibi
663 1806 835 1872 videretur.
882 1806 927 1871 At
958 1807 1009 1872 illi
1037 1807 1161 1874 fraudis

148 1893 330 1979 potentiam
359 1915 429 1958 esse
456 1894 654 1978 respondent
681 1894 825 1960 adiutam
855 1896 1012 1980 temporis
1035 1895 1160 1962 blandi·

148 1985 258 2047 mento
286 1983 353 2064 vel,
381 1987 409 2046 si
436 1982 485 2047 ita
511 1984 661 2066 mavelit,
688 1984 810 2049 iniusta
838 1985 982 2050 andacia.
1028 1985 1164 2062 Quaerit

148 2071 262 2156 etiam,
296 2074 446 2136 utrumne
477 2070 545 2137 dies
585 2094 628 2137 an
656 2094 733 2138 vero
768 2094 833 2137 nox
863 2075 953 2158 prius
985 2075 1206 2139 constitutam

147 2162 327 2244 putaretur.
365 2158 521 2245 Nihilque
546 2164 734 2226 cunctantes
758 2164 889 2227 noctem
913 2161 1023 2246 priore
1051 2162 1162 2226 ordine

149 2268 298 2331 posuere,
327 2269 400 2313 cum
429 2249 540 2313 omnia
567 2270 693 2333 quoque
722 2253 880 2333 concepta
903 2249 1031 2315 vivendi
1054 2251 1162 2334 auspi-

149 2335 233 2399 cium
262 2336 297 2398 in
324 2335 469 2400 tenebris
498 2337 690 2419 sortiantur,
717 2341 794 2421 post
816 2358 891 2402 vero
913 2341 994 2403 nata
1021 2341 1056 2401 in
1080 2339 1162 2403 lucis

150 2423 258 2507 spatia
280 2424 562 2509 transmigrarent.
1176 2449 1201 2488 ar
1304 2489 1306 2494 ,

241 2509 298 2577 12.
334 2510 448 2596 Pergit
484 2511 621 2597 denique
655 2513 830 2592 sciscitari,
866 2513 996 2579 cuinam
1032 2514 1162 2579 mentiri
1179 2525 1228 2577 20.

148 2600 313 2665 hominem
341 2621 406 2664 non
434 2603 606 2684 oporteret.
652 2601 856 2685 Responsum
884 2606 949 2685 est,
977 2602 1051 2685 deo,
1075 2603 1163 2688 quod

149 2688 261 2754 omnia
283 2688 396 2754 videns
424 2689 479 2753 ille
507 2689 551 2754 sit
579 2692 677 2774 atque
701 2690 846 2756 omnium
869 2691 982 2756 sciens.
1028 2690 1163 2768 Quaerit

149 2779 262 2861 etiam,
292 2798 449 2863 quasnam
478 2778 514 2842 in
542 2777 673 2843 homine
700 2783 810 2863 partes
838 2780 1065 2850 honoratiores
1092 2803 1162 2846 esse

239 2958 253 3005 1
276 2951 365 3006 Verba
389 2952 536 3021 ‘oportere
550 2983 584 2992 -
598 2951 794 3022 pronuntiari'
818 2970 870 3011 om.
893 2956 930 3009 A.
971 2956 1102 3023 quoniam
1126 2955 1162 3010 Β.

148 3039 235 3092 quum
253 3024 286 3081 P.
315 3023 444 3078 desinant
461 3023 497 3077 B.
581 3023 690 3078 toculi
708 3023 753 3078 illi
772 3025 806 3080 P.
893 3027 1107 3096 Aconspicetur
1127 3027 1162 3080 P.

148 3092 346 3164 conspicentur
364 3093 400 3148 Β.
425 3093 600 3162 conspiceret
616 3095 652 3150 A.
725 3101 826 3151 cvera
846 3096 881 3150 P.
907 3098 940 3151 ira
957 3098 994 3153 A.
1013 3099 1080 3153 ordo
1102 3102 1162 3152 tur·
1182 3125 1184 3130 ,

69 3169 73 3178 '
148 3165 236 3220 tatus.
278 3165 368 3220 Verba
387 3163 498 3219 ‘Vitam
514 3194 547 3204 -
562 3165 731 3220 ferventior’
752 3167 880 3238 leprortar
896 3173 958 3236 port
976 3184 1031 3236 qno
1049 3166 1162 3223 vivitur.

149 3240 164 3289 9
184 3233 335 3306 spatiosius
354 3235 450 3290 om.B.
498 3240 531 3290 10
550 3250 627 3290 mare
645 3237 750 3292 ΜΒ..
765 3237 795 3291 id
814 3254 926 3306 quoqne
935 3239 971 3293 A.
996 3238 1116 3307 denique
1127 3239 1162 3298 P.

150 3311 182 3359 11
201 3323 324 3375 quonam
342 3306 378 3360 Β.
411 3306 532 3360 bestiam
551 3305 587 3359 Β.
619 3305 674 3361 Hic
693 3308 728 3361 A.
756 3308 847 3363 Huius
865 3308 898 3362 P.
982 3314 1015 3362 14
1035 3325 1163 3378 aperue-

149 3377 261 3444 quenda
287 3377 321 3432 P.
399 3381 432 3431 1⁷
451 3391 502 3445 per
526 3377 675 3445 imperium
699 3378 777 3434 AB.
858 3383 891 3434 18
910 3377 1035 3433 adiutam
1062 3380 1094 3434 P.
1127 3379 1164 3432 ad

149 3448 238 3502 vitam
252 3450 288 3503 A.
326 3453 359 3501 19
377 3446 511 3502 iniustam
529 3447 675 3502 audaciam
689 3448 723 3503 P.
766 3454 799 3503 21
820 3447 965 3504 cunctanti
979 3449 1015 3502 Β.
1053 3455 1087 3502 23
1107 3465 1164 3503 sor·

147 3516 255 3572 tiantur
270 3549 304 3560 -
317 3521 386 3573 nata
403 3535 454 3574 om.
473 3518 508 3574 Β.

238 3589 283 3643 12.
317 3595 351 3645 25
370 3590 512 3645 sciscitare
531 3589 566 3643 B.
