2650 3920
466 229 584 286 Adrus
605 229 827 289 ALEXANDRI.
1088 230 1150 294 101

225 394 286 460 Sed
309 397 443 478 propter
471 392 534 459 hcc
562 392 767 477 sepulchrum
795 392 903 456 flebile
932 396 1152 478 spectaculum

133 483 318 550 Alexander
344 483 495 566 protinus
525 482 740 565 conspicatur.
786 481 891 546 Erant
919 482 1005 546 enim
1036 482 1152 554 Graeci

134 573 255 638 ibidem
274 570 466 655 complures,
491 592 572 655 quos
597 591 669 636 cum
688 569 788 634 variis
812 591 851 634 ex
877 570 981 635 causis
1001 570 1152 636 diversis-

134 682 195 746 que
218 660 419 745 temporibus
444 659 634 744 captivitate
664 680 721 723 rex
749 661 806 723 aut
831 657 914 743 regii
937 659 1151 744 subegissent,

134 750 310 834 praesectis
324 748 458 813 naribus
478 747 675 833 auribusque
694 750 728 811 et
746 768 967 834 quaecumque
981 746 1175 812 hominums

134 837 281 902 vultibus
300 836 460 901 decoriter
478 841 598 902 natura
616 835 769 920 providit,
788 835 972 920 suppliciali
990 838 1067 918 post
1086 856 1151 899 ser-

135 927 216 991 vitio
235 925 376 990 devincti
394 925 479 990 cirea
501 925 583 991 haec
607 924 778 1009 sepulchra
802 923 952 989 custodes
973 924 1152 1008 agitabant.

8 1020 31 1045 ²*
136 1014 181 1079 Hi
207 1013 308 1099 igitur
336 1034 447 1078 omnes
475 1013 533 1078 ubi
560 1015 676 1078 iuxtim
705 1012 926 1078 Alexandrum
955 1033 1050 1097 agere
1079 1034 1153 1077 sen-

137 1123 220 1184 sere,
247 1103 368 1186 pariter
396 1122 475 1167 voce
503 1105 536 1166 et
563 1102 687 1166 eiulatu
715 1123 791 1167 suae
819 1101 927 1186 gentis
957 1099 1152 1186 Graecisque

137 1190 431 1276 supplicationibus
463 1191 670 1256 obsecrantes
701 1191 885 1256 audientem
915 1189 1048 1274 linguae
1080 1212 1151 1274 pro·
1166 1209 1193 1250 ro

136 1282 227 1365 priae
254 1277 397 1362 insignia
426 1277 522 1343 facile
550 1282 789 1362 permoverunt.
841 1278 946 1354 Quare
976 1279 1151 1362 productos

137 1389 211 1433 cum
238 1366 363 1432 videret
392 1365 472 1430 adeo
502 1366 656 1430 flebiliter
688 1366 858 1431 mutilatos
888 1371 985 1451 atque
1015 1367 1153 1433 laniatos

138 1457 341 1539 fideliterque
375 1475 490 1518 causas
527 1458 561 1518 et
597 1455 699 1518 ritum
734 1452 900 1518 Persicum
937 1456 1154 1540 cognovisset,

139 1545 293 1609 misertus
318 1564 429 1608 eorum
449 1541 582 1607 dederat
601 1542 730 1626 quidem
749 1542 935 1606 volentibus
955 1543 1155 1628 facultatem,

139 1635 188 1698 uti
202 1633 322 1698 viatico
338 1631 530 1714 sumptuati,
549 1631 576 1696 si
595 1632 725 1715 vellent,
749 1630 789 1696 ad
807 1630 950 1714 patriam
963 1635 1155 1698 remearent.
1169 1649 1195 1694 15

139 1720 238 1788 Enim
268 1741 341 1784 cum
359 1740 441 1784 sese
470 1719 634 1804 ignobiles
664 1719 877 1803 foedatusque
906 1720 1008 1784 latere
1038 1720 1155 1786 melius

140 1832 160 1874 a
184 1812 359 1892 conspectu
386 1808 594 1891 popularium
622 1829 719 1893 quam
748 1808 790 1872 ad
816 1807 991 1874 ludibrium
1017 1808 1156 1874 forsitan

140 1918 330 1963 occursuros
369 1897 493 1961 civibus
526 1898 778 1981 praesentirent,
813 1897 910 1961 huius
946 1896 1075 1981 quidem
1107 1897 1156 1962 rei

138 1987 280 2072 gratiam
303 1985 407 2050 fecere
430 1985 509 2071 regi,
528 1986 596 2063 ,sibi
620 1988 732 2051 tamen
754 1991 787 2050 et
809 1987 931 2068 locum,
954 2008 1050 2070 quem
1073 1987 1155 2051 cole·

137 2080 225 2159 rent,
252 2076 285 2139 et
308 2075 410 2139 vitam
434 2075 476 2138 ab
499 2075 681 2159 indigentia
703 2074 860 2139 laxiorem
882 2076 1031 2158 protinus
1054 2075 1154 2159 impe·
1167 2093 1195 2136 ao

137 2167 272 2229 travere.
323 2159 389 2226 Dat
417 2162 518 2247 igitur
545 2163 597 2228 his
626 2167 659 2227 et
688 2183 785 2246 agros
814 2163 956 2246 dapsiles
986 2166 1018 2227 et
1046 2167 1155 2228 cetera

138 2251 246 2333 etiam,
269 2271 351 2333 quae
374 2250 414 2314 ad
434 2269 587 2334 agrorum
611 2250 764 2315 exercitia
787 2250 1013 2334 secundarent,
1031 2271 1154 2334 proque

139 2338 321 2423 supplicum
345 2338 463 2402 civium
488 2339 627 2402 consulit
650 2338 832 2404 voluntate.

229 2424 288 2494 30.
317 2424 379 2490 Sed
398 2427 483 2489 inter
502 2426 583 2490 haec
604 2447 715 2490 rursus
734 2425 856 2492 Darius
878 2426 1098 2510 comparando
1134 2431 1208 2490 ΧΠ.

139 2513 293 2580 exercitui
317 2512 559 2598 scribendisque
582 2514 740 2579 militibus
765 2516 909 2580 animum
935 2515 1153 2580 confirmarat.
1167 2537 1194 2582 aa

139 2601 260 2669 Scribit
278 2601 412 2686 denique
430 2601 525 2686 Poro,
543 2603 614 2687 regi
632 2601 753 2688 Indiae,
775 2603 868 2669 talia:
893 2600 999 2667 ‘Clam
1018 2625 1069 2668 me
1087 2625 1155 2669 non

139 2696 190 2757 est
211 2692 246 2756 in
269 2691 529 2776 indignationem
547 2695 638 2755 tuam
656 2694 689 2755 te
708 2691 834 2777 ducere,
853 2691 1007 2776 quidquid
1030 2714 1091 2759 nos
1115 2715 1154 2758 ex

230 2888 244 2935 1
259 2881 437 2952 sepulchrum
443 2889 470 2938 2.
486 2883 665 2954 sepultumP.
681 2883 805 2938 flerile'l¹
829 2889 845 2937 2
860 2881 1036 2953 conspicatur
1045 2885 1154 2953 scripsi.

138 2952 318 3024 conspicatus
334 2955 397 3008 Mr.
422 2954 601 3010 contionatus
615 2961 647 3009 n.
655 2955 689 3010 P.
759 2960 775 3008 3
793 2954 900 3010 ibidem
919 2961 946 3008 ll.
970 2952 1100 3022 idemque
1119 2955 1153 3010 P.

138 3023 247 3092 tregii
255 3030 283 3080 Τ.
301 3040 383 3094 reges
393 3025 425 3078 P.
468 3025 628 3095 tprovidit
641 3025 671 3079 P.
689 3026 821 3095 providet
833 3032 860 3082 2.
904 3025 988 3079 Subi
1006 3025 1107 3081 iuxtim
1125 3031 1153 3080 Τ.

138 3094 180 3150 ibi
197 3093 336 3150 iustimP.
379 3101 394 3149 9
414 3095 520 3165 pariter
533 3098 640 3166 scripsi.
659 3097 796 3166 pari'.l.P⁸
816 3096 958 3152 heiulatus
968 3103 995 3151 Τ.
1038 3102 1071 3150 11
1091 3110 1154 3165 per-

138 3165 288 3220 moberunt
305 3172 332 3220 Τ.
399 3172 431 3220 12
450 3166 581 3222 fleviliter
599 3173 627 3222 Τ.
656 3168 802 3223 mutilatos
822 3169 881 3223 Mr.
909 3165 1066 3222 multilatcs
1085 3167 1154 3222 r.1>.

141 3241 172 3291 1⁵1
192 3253 210 3291 a
229 3237 412 3306 conspectur.
433 3238 622 3307 conspeetuP.
662 3243 694 3292 19
713 3238 804 3294 fecere
819 3240 913 3307 regin.
932 3235 1025 3291 facere
1039 3237 1152 3306 regisP.

138 3306 269 3362 locumP.
288 3307 384 3362 locor.
422 3312 457 3363 20
474 3307 621 3365 laxioreP.
677 3313 710 3362 21
731 3325 813 3377 agros
833 3306 957 3379 dapsiles
966 3313 994 3363 Τ.
1024 3325 1106 3376 agros
1125 3310 1155 3362 et

139 3377 262 3447 dapsiles
273 3379 308 3432 P.
362 3383 397 3432 22
415 3394 466 3448 pro
485 3394 556 3447 quae
574 3378 780 3450 suppliciumlf.
807 3397 857 3449 pro
877 3394 932 3447 quo
951 3377 1110 3447 supplicum
1120 3377 1154 3432 P.

228 3448 276 3504 30.
309 3454 344 3502 24
363 3449 550 3519 comparando
570 3449 601 3506 P.
627 3466 696 3505 carr.
716 3466 749 3505 cc
768 3448 971 3518 comparandus
990 3454 1017 3500 Τ.
1054 3452 1088 3500 25
1108 3463 1154 3500 ex·

140 3516 277 3574 ercituir.
297 3519 435 3575 exercitus
446 3521 479 3574 P.
522 3526 556 3576 26
575 3521 636 3590 regi
646 3527 673 3574 Τ.
693 3537 743 3574 om.
754 3521 787 3574 P.
830 3526 864 3574 27
883 3519 912 3572 in
930 3516 1153 3586 indignationem

138 3590 247 3659 scripsi.
266 3588 529 3659 indignationem.
544 3590 769 3662 indignationem
776 3590 810 3645 P.
832 3589 965 3643 ducerer.
978 3584 1152 3654 deducereP.
