2648 3924
458 184 589 240 onnus
608 185 829 243 nunxnnnni.
1085 190 1148 254 155
1209 267 1213 274 ι

134 350 239 414 carias
263 348 441 412 destinetis.
487 345 589 432 Super
613 347 665 412 his
689 349 804 434 igitur,
827 354 865 415 ut
886 351 979 416 robis
1004 374 1146 418 commo·

135 438 211 502 dum
236 441 298 519 est,
322 436 524 503 consultata?
570 436 676 521 Igitur
699 439 879 503 Amazones
903 443 1011 505 motae
1032 441 1144 507 reseri·
1164 453 1211 505 76.

134 526 232 590 bunt:
250 525 296 590 Et
310 526 385 589 dare
400 546 434 589 se
448 525 518 609 regi
531 526 689 610 veniendi,
708 548 806 610 quam
820 528 938 612 cupiat,
958 529 1147 602 facultatem

134 613 390 697 inspiciendique
409 617 514 678 terras
533 635 618 698 suas,
641 618 674 678 et
697 635 851 680 coronare
873 637 909 680 se
933 638 1008 681 eum
1030 621 1146 683 annuis
1172 615 1175 620 ’

134 703 268 768 talentis
293 723 361 787 sex3
390 703 584 787 quingentas
610 665 711 767 'etiam
743 704 868 787 equites
892 705 1072 770 destinasse
1097 729 1146 771 ar·
1161 728 1173 768 a

134 796 240 856 metas
264 796 298 856 et
322 795 479 874 strenuas,
502 794 538 854 ut
561 791 754 875 poposcerit,
778 813 859 875 quae
878 815 936 878 per
960 816 1064 858 annos
1089 795 1147 859 sci·

133 880 211 944 licet
233 883 418 964 permutent
418 901 465 943 ur.
512 877 604 954 Quod
634 880 661 942 si
689 901 752 962 qua
780 901 819 943 ex
847 880 935 946 hisce
963 883 1004 946 ad
1033 903 1145 947 sexum

135 990 228 1032 suum
252 968 398 1049 cesserit,
426 989 499 1031 eam
528 989 562 1032 se
591 971 701 1051 petere
724 967 844 1033 ibidem
873 969 1057 1034 desidere
1047 993 1146 1056 inque

133 1057 202 1120 eius
226 1057 333 1121 locum
353 1057 614 1140 supplementum
637 1056 676 1119 de
699 1061 796 1141 gente
814 1059 981 1142 postulari.
1020 1058 1146 1144 Quippe
1243 1119 1249 1128 .

132 1146 354 1210 Amazonibus
374 1148 497 1208 certum
522 1167 592 1208 esse
610 1164 723 1228 parere
747 1145 817 1210 viro
842 1147 979 1229 absenti,
1004 1149 1054 1212 cui
1078 1170 1143 1213 ees·
1159 1170 1185 1209 ro

85 1293 89 1298 .
133 1233 215 1298 sisse
238 1234 385 1298 omnium
407 1233 576 1298 hominum
600 1253 721 1317 genera
744 1233 940 1299 didicissent.

223 1319 281 1388 47.
312 1321 373 1386 His
398 1322 538 1404 acceptis
562 1321 746 1386 Alexander
773 1323 835 1386 iter
862 1322 896 1387 in
921 1323 1047 1388 Prasia·
1092 1329 1206 1384 XXVII.

133 1431 204 1474 cam
227 1411 303 1474 inde
327 1410 495 1493 pervertit,
524 1431 605 1494 quae
634 1410 765 1492 quidem
788 1412 857 1474 eius
881 1412 978 1476 militi
1002 1413 1144 1496 peregri·
1164 1415 1207 1466 77.

132 1499 223 1564 natio
247 1499 368 1563 laboris
390 1499 564 1563 admodum
587 1502 620 1562 et
642 1498 774 1581 plurimi
792 1499 928 1581 periculi
947 1500 1018 1564 fuit.
1059 1499 1149 1564 Nam

133 1588 268 1652 aestatis
299 1588 400 1652 ferme
430 1587 497 1650 iarn
532 1585 638 1650 medio
673 1587 847 1669 repentini,
871 1588 992 1652 imbres
1022 1588 1144 1653 fluxere
1158 1610 1184 1651 15

133 1675 212 1740 adeo
240 1676 448 1741 vehementes
478 1677 574 1758 atque
603 1675 760 1758 continui,
788 1677 838 1739 uti
866 1697 932 1740 nou
961 1676 1066 1740 solum
1095 1677 1144 1740 vis

133 1764 347 1829 animantium
375 1762 536 1846 deperiret
566 1766 611 1845 et,
642 1784 861 1848 quaecumque
891 1765 964 1828 usui
995 1769 1072 1829 sunt
1103 1765 1144 1828 ad

132 1853 292 1936 militiam,
316 1853 537 1936 putrefierent,
560 1873 672 1915 rerum
692 1852 773 1936 ipsis
798 1852 897 1917 etiam
915 1875 974 1937 per
997 1853 1142 1937 indigen·

132 1941 212 2004 tiam
241 1942 528 2006 calciamentorum
552 1940 670 2022 pedum
693 1942 836 2023 plurima
860 1942 1019 2024 pernicies
1047 1942 1145 2006 infer-

134 2030 237 2112 retur,
265 2029 385 2114 quippe
413 2030 468 2093 ubi
496 2029 583 2093 nudo
607 2028 748 2112 vestigio
772 2052 830 2114 per
852 2030 925 2095 loca
948 2052 1064 2114 aspera
1085 2030 1145 2094 hu·
1159 2053 1185 2092 ιο

134 2117 285 2203 midaque
313 2118 439 2201 perpeti
413 2118 578 2182 tlabore
605 2117 822 2182 t.raherentur
869 2117 982 2203 Neque
1006 2140 1083 2183 vero
1111 2119 1144 2183 id

135 2207 194 2270 sub
212 2207 315 2271 isdem
333 2206 494 2270 imbribus
514 2206 593 2269 adeo
614 2207 797 2288 molestum,
819 2228 914 2290 quam
934 2206 1144 2271 redeuntibus

133 2294 178 2357 in·
192 2299 341 2359 naturam
364 2295 521 2379 temporis
546 2294 669 2358 solibus
688 2294 759 2376 fuit,
782 2294 929 2377 quamvis
952 2294 1144 2386 intemperie

132 2381 192 2446 illa
219 2387 251 2447 et
278 2383 457 2448 tonitruum
486 2383 663 2466 plurimum
691 2385 724 2445 et
750 2382 854 2447 iaetus
877 2381 1050 2446 fulminum
1080 2403 1144 2446 cre-

30 2511 35 2518 ,
133 2471 210 2535 bros
230 2473 353 2555 experti
372 2475 488 2537 essent.
465 2469 660 2536 tNamet
646 2473 771 2535 troces
790 2470 932 2535 incertas
952 2473 1143 2536 resonantes
1158 2492 1184 2532 ιι

134 2559 304 2624 audierant
331 2565 364 2624 et
390 2563 602 2661 portentuosa
629 2558 770 2641 plurima
798 2558 994 2622 eiuscemodi
1021 2553 1144 2642 experti

134 2652 234 2712 erant
280 2647 346 2713 Ubi
369 2671 444 2713 vero
463 2649 533 2719 iam
562 2647 602 2711 ad
625 2646 811 2714 Prasiacam
835 2648 1053 2712 adventabant
1076 2646 1143 2730 Hy·
1163 2659 1208 2710 78.

132 2737 307 2822 panimque
321 2737 450 2817 flumen,
469 2737 557 2826 quod
573 2736 729 2820 dispescit
747 2735 935 2800 huiusmodi
953 2736 1144 2822 conlimitia,
1245 2777 1249 2788 ·

223 2913 289 2965 lut
306 2928 356 2966 om.
378 2913 412 2965 P.
479 2917 544 2965 4se
564 2927 627 2964 eum
648 2910 682 2963 P.
711 2925 806 2964 secum
824 2911 860 2964 A.
926 2913 1088 2966 ostrennes
1108 2910 1143 2964 A.

132 2986 320 3110 poposcerat4
319 2982 355 3037 A
435 2983 493 3036 tsi
512 2999 568 3050 qna
588 2982 647 3036 Mr.
667 2980 691 3034 si
710 2997 764 3049 que
785 2981 818 3037 P.
839 2980 863 3034 si
882 2981 945 3049 quis
965 2984 999 3037 A.
1047 2981 1091 3034 his
1108 2980 1143 3035 P.

133 3056 265 3121 Spatere

222 3124 270 3181 47.
302 3124 340 3178 Iu
358 3125 414 3179 cod.
438 3124 470 3176 P
488 3124 534 3177 hic
551 3124 703 3193 interponit
703 3140 738 3176 ur
756 3123 833 3177 locres
851 3123 964 3191 Ioseptc'
983 3122 1060 3190 (Ant.
1079 3121 1142 3175 Iud.

136 3193 194 3260 XI,
214 3201 241 3263 5,
260 3199 315 3250 5-
323 3201 351 3263 8,
371 3196 497 3261 σεται-,1
516 3195 613 3248 deinde
631 3198 786 3262 excerptum
804 3209 838 3246 ea
858 3192 950 3246 Orosic'
968 3193 1038 3246 libro
1057 3193 1144 3246 tertio.

134 3270 166 3318 12
185 3236 241 3320 ilis
256 3281 341 3335 accep
342 3266 379 3320 tis
398 3265 434 3321 A
460 3263 528 3318 Post
546 3265 617 3318 haec
636 3264 667 3318 P.
724 3268 755 3316 13
775 3263 928 3331 praevertit
945 3262 979 3317 P.
1007 3260 1095 3316 militi
1111 3263 1144 3317 P.

132 3335 205 3389 mult
193 3340 224 3390 ta
237 3353 307 3393 corr.
322 3354 355 3392 ac
369 3335 497 3389 multiA.
536 3340 569 3388 14
587 3333 692 3388 laboris
707 3334 814 3402 scripsi
833 3331 970 3388 laboriA.
979 3333 1012 3386 P.
1052 3339 1083 3388 16
1103 3334 1145 3387 uti

134 3421 183 3460 om.
193 3409 227 3462 P.
265 3413 299 3461 23
318 3406 535 3475 temporibusP.
556 3403 741 3473 intemperies
753 3403 844 3458 illeP.
882 3409 918 3458 25
936 3404 1092 3458 resonantis
1111 3405 1144 3460 P.

133 3481 167 3531 27
186 3478 358 3559 ypanimque
376 3479 408 3534 P.
436 3476 660 3548 Tympanimque
679 3475 714 3528 A.
734 3473 880 3543 Πρύτανιν
902 3473 997 3531 Graec.
1035 3482 1069 3530 28
1089 3477 1144 3531 dis-

133 3549 225 3616 pescit
242 3551 275 3606 P.
306 3548 491 3620 dispertitA.
