2648 3922
534 222 749 278 PRAEFATIO.
1082 224 1147 278 XXI

142 384 277 468 emplari
311 387 420 448 vetere
453 383 576 450 adscito
610 384 727 448 librum
764 383 959 449 emendasse.
1014 385 1150 450 Restitit

139 477 247 538 tamen
271 472 357 536 haud
381 494 499 555 parvus
522 494 674 536 numerus
699 473 861 536 vitiorum.

230 559 322 635 Quod
346 561 385 624 ad
409 561 675 645 orthographiam
698 561 851 643 pertinet,
879 560 978 625 codex
1006 560 1149 626 abundat

140 649 230 713 vitiis
262 649 325 731 eis,
358 649 474 732 quibus
505 648 583 712 libri
612 649 812 732 temporibus
844 648 909 712 illis
939 649 1051 733 scripti
1082 670 1149 713 non

140 758 248 802 carere
287 737 400 802 solent.
454 735 681 802 Commutatae
718 741 795 801 sunt
831 737 915 800 inter
951 759 984 801 se
1020 738 1150 802 litterae
1181 793 1192 812 ‚

139 831 213 889 oet
236 825 267 908 b,
296 845 318 888 u
341 828 374 888 et
397 845 429 907 o,
457 845 472 888 e
497 828 530 887 ct
552 825 577 907 i,
604 845 620 888 c
643 828 674 888 ct
694 825 912 909 ppaspiratio
941 825 1036 890 modo
1064 826 1147 889 falso

140 912 264 995 addita,
297 912 392 977 modo
424 913 571 997 neglecta
604 915 661 976 est.
711 910 801 977 Haec
833 913 959 997 aliaque
992 913 1150 977 eiusmodi

140 1000 275 1065 librario
303 1000 474 1064 tribuenda
502 1004 586 1066 sunt.
633 999 694 1065 Sed
724 1001 808 1084 quod
835 1001 869 1064 in
892 1000 998 1065 verbis
1021 1023 1149 1084 compo-

142 1089 215 1153 sitis
242 1088 430 1174 plerumque
458 1088 580 1153 formae
608 1111 672 1153 non
699 1089 896 1154 assimilatae
925 1088 1088 1173 leguntur,
1116 1090 1149 1154 in

143 1198 180 1241 eo
205 1177 285 1241 mihi
308 1176 421 1241 videor
443 1176 545 1260 ipsias
569 1177 710 1241 auctoris
736 1199 830 1241 usum
857 1177 1016 1242 scribendi
1040 1177 1150 1259 depre-

142 1265 292 1330 hendisse
312 1269 409 1348 atque
429 1265 470 1329 ob
490 1264 574 1328 hanc
593 1286 724 1329 causam
742 1265 777 1328 in
797 1264 937 1329 editione
956 1286 1036 1348 mea,
1055 1286 1150 1348 quae·

144 1374 267 1437 cunque
291 1353 395 1417 verba
414 1353 448 1416 in
471 1351 579 1418 codice
597 1352 790 1418 Taurinensi
810 1352 914 1417 forma
936 1374 1003 1416 non
1026 1353 1151 1416 assimi-

141 1441 209 1504 lata
223 1441 344 1524 scripta
358 1441 477 1525 inveni,
492 1462 602 1506 eorum
618 1441 762 1505 omnium
776 1440 858 1505 hanc
873 1440 1011 1504 formam
1020 1441 1150 1505 restitui

143 1529 188 1592 eis
208 1550 334 1613 quoque
353 1530 442 1612 locis,
461 1529 577 1613 quibus
597 1529 715 1593 codicis
734 1527 942 1592 Taurinensis
961 1529 1150 1593 testimonio

142 1616 350 1700 destituebar,
373 1618 564 1699 praesertim
588 1638 660 1680 cum
680 1617 778 1680 etiam
800 1616 835 1680 in
854 1617 967 1679 ceteris
986 1616 1150 1681 codicibus

143 1705 331 1788 saepissime
363 1705 539 1770 dissolutae
568 1705 643 1769 illae
673 1705 797 1769 formae
826 1704 984 1788 legantur.
1036 1703 1151 1787 Itaque

143 1793 270 1876 scripsi:
300 1793 420 1877 adcola,
447 1794 644 1877 adclamatio,
667 1793 817 1873 adfectus,
842 1793 984 1876 adficere,
1011 1793 1151 1875 adrtpere,

143 1881 295 1964 adflictus,
318 1882 460 1965 adfluere,
482 1882 626 1962 adfuerit,
649 1882 784 1965 adpredl,
808 1880 940 1962 adloqui,
963 1879 1152 1964 adloquium,

143 1971 286 2052 adnuere,
304 1970 449 2052 adpetere,
467 1969 696 2054 adprehendere,
715 1969 864 2051 adpellere
882 1964 953 2054 (sed
972 1965 1153 2055 appellare),

143 2058 336 2140 adropautr'a,
355 2058 497 2136 adsolere,
516 2053 661 2136 adserere,
680 2059 878 2141 adtemptare,
891 2058 1068 2135 adtrectare,
1083 2077 1151 2121 cou-

5 2137 10 2154 '
145 2145 256 2229 locare,
279 2146 486 2229 conloquium,
508 2147 670 2229 imitatus,
691 2147 827 2229 tri-ruere,
849 2146 1038 2228 inrumpere,
1063 2144 1153 2226 obfir-

143 2237 261 2316 matus,
283 2233 474 2316 subfraparc',
496 2234 702 2317 subfrapium,
724 2235 880 2315 subfimre,
904 2233 1062 2316 subripere,
1084 2233 1153 2297 sub-

138 2322 264 2402 peta'arr‘.
310 2320 349 2385 In
373 2343 411 2386 ea
433 2343 468 2385 rc
492 2325 600 2387 tamen
624 2345 643 2386 a
666 2322 775 2387 codice
797 2321 989 2385 Taurinensi
1012 2321 1153 2403 discessi,

145 2409 230 2492 qaod
254 2408 398 2474 litteram
420 2430 451 2494 u,
475 2431 547 2474 cum
571 2414 646 2475 ante
669 2410 796 2475 litteras
819 2409 846 2488 b,
868 2429 951 2493 m,p
974 2408 1153 2492 legebatur,

146 2518 273 2581 semper
296 2497 329 2560 in
352 2518 383 2561 m
406 2499 538 2563 mutavi.

236 2583 318 2650 (lum
336 2584 519 2670 fragmenta
538 2588 666 2650 tantum
685 2584 804 2649 codicis
824 2605 843 2648 a
861 2605 912 2648 me
931 2583 996 2667 legi
1014 2586 1158 2668 possent,

146 2671 374 2737 recurrendum
405 2677 475 2737 erat
505 2675 544 2738 ad
575 2695 628 2757 ea,
658 2695 739 2757 quae
769 2674 810 2737 ab
841 2672 968 2756 Angelo
997 2671 1085 2737 Maio
1116 2695 1157 2737 ex

147 2759 274 2824 schedis
304 2782 323 2825 a
351 2760 496 2845 Peyrone
524 2763 554 2826 ei
581 2761 783 2826 transmissis
810 2759 932 2844 publici
961 2760 1039 2825 iuris
1060 2761 1156 2840 ⁸facta

149 2852 234 2912 sunt.
284 2847 334 2912 Ac
362 2851 502 2932 primum
529 2849 657 2932 quidem
685 2847 792 2914 Maius
821 2849 856 2914 in
886 2848 1025 2914 editione
1054 2851 1156 2913 altera

148 2935 189 2999 ab
216 2936 289 3019 ipso
320 2940 431 3002 curata
459 2935 567 3023 (Rom.
593 2937 692 3020 1835,
718 2937 813 3002 Auct.
837 2935 941 3002 Olass.
964 2937 1055 3003 Tom.
1078 2934 1160 3020 VII)

149 3023 188 3088 ad
214 3023 324 3107 capita
351 3025 427 3089 libri
455 3026 551 3109 primi
576 3027 716 3090 10—22
744 3030 777 3090 et
805 3025 844 3090 ad
873 3025 981 3109 capita
1007 3025 1084 3089 libri
1111 3046 1158 3088 se·

148 3111 246 3175 cundi
265 3112 398 3179 34—36
421 3113 575 3179 lectiones
599 3114 754 3198 quasdam
778 3135 818 3178 ex
841 3114 948 3178 codice
966 3112 1159 3177 Taurinensi

148 3199 331 3282 adnotavit,
353 3203 456 3266 multo
475 3202 584 3287 plures
603 3203 638 3267 in
656 3207 781 3268 textum
800 3201 922 3286 recepit
934 3200 1026 3266 nullo
1045 3200 1156 3265 addito

145 3288 255 3352 verbo.
302 3287 445 3364 Quarum
476 3312 559 3374 quae
592 3292 632 3356 ad
659 3292 779 3356 librum
811 3291 952 3374 primum
987 3289 1159 3375 pertinent,

145 3397 200 3439 cas
225 3375 404 3460 sumpsisse
427 3378 553 3444 videtur
580 3401 619 3444 ex
641 3381 697 3464 iis,
725 3400 806 3464 quac
829 3376 957 3462 Peyron
984 3399 1024 3442 ex
1051 3377 1158 3442 codice

147 3460 340 3528 Taurinensi
370 3469 403 3530 et
431 3466 472 3531 ab
500 3466 572 3552 ipso
601 3471 634 3532 et
661 3468 703 3532 ab
732 3467 804 3531 aliis
833 3466 1047 3549 transscripta
1071 3463 1158 3528 Maio

147 3551 290 3617 miserat.
342 3552 431 3619 Haec
461 3575 546 3620 nunc
577 3555 752 3640 deperiisse
780 3553 938 3620 videntur.
992 3553 1165 3619 Lectiones
1240 3543 1249 3602 Τ
