<?xml version="1.0" encoding="UTF-8"?>
<!DOCTYPE html PUBLIC "-//W3C//DTD XHTML 1.0 Transitional//EN"
    "http://www.w3.org/TR/xhtml1/DTD/xhtml1-transitional.dtd">
<html xmlns="http://www.w3.org/1999/xhtml" xml:lang="en" lang="en">
 <head>
  <title>
</title>
<meta http-equiv="Content-Type" content="text/html;charset=utf-8" />
  <meta name='ocr-system' content='tesseract 3.04.00' />
  <meta name='ocr-capabilities' content='ocr_page ocr_carea ocr_par ocr_line ocrx_word'/>
</head>
<body>
  <div class='ocr_page' id='page_1' title='image "./iulivalerialexa00kbgoog_0042.png"; bbox 0 0 2648 3922; ppageno 0'>
   <div class='ocr_carea' id='block_1_1' title="bbox 487 229 1172 296">
    <p class='ocr_par' dir='ltr' id='par_1_1' title="bbox 487 229 1172 296">
     <span class='ocr_line' id='line_1_1' title="bbox 487 229 1172 296; baseline -0.003 -9"><span class='ocrx_word' id='word_1_1' title='bbox 487 229 604 287; x_wconf 82' lang='lat' dir='ltr'>ORTUS</span> <span class='ocrx_word' id='word_1_2' title='bbox 623 229 847 288; x_wconf 79' lang='lat' dir='ltr'><strong>ALEXANDRI.</strong></span> <span class='ocrx_word' id='word_1_3' title='bbox 1151 232 1172 296; x_wconf 79' lang='grc'>5</span> 
     </span>
    </p>
   </div>
   <div class='ocr_carea' id='block_1_2' title="bbox 158 387 1173 746">
    <p class='ocr_par' dir='ltr' id='par_1_2' title="bbox 158 387 1173 746">
     <span class='ocr_line' id='line_1_2' title="bbox 159 387 1173 478; baseline 0 -18"><span class='ocrx_word' id='word_1_4' title='bbox 159 395 327 460; x_wconf 89' lang='lat' dir='ltr'>hominem</span> <span class='ocrx_word' id='word_1_5' title='bbox 341 387 391 459; x_wconf 60' lang='lat' dir='ltr'>&#39;ad</span> <span class='ocrx_word' id='word_1_6' title='bbox 414 413 486 460; x_wconf 83' lang='lat' dir='ltr'>sese</span> <span class='ocrx_word' id='word_1_7' title='bbox 509 395 606 458; x_wconf 90' lang='lat' dir='ltr'>vocat</span> <span class='ocrx_word' id='word_1_8' title='bbox 629 395 661 456; x_wconf 88' lang='lat' dir='ltr'>et</span> <span class='ocrx_word' id='word_1_9' title='bbox 685 391 800 477; x_wconf 68' lang='lat' dir='ltr'>‘Ecca&#39;</span> <span class='ocrx_word' id='word_1_10' title='bbox 823 393 939 477; x_wconf 80' lang='lat' dir='ltr'>inquit,</span> <span class='ocrx_word' id='word_1_11' title='bbox 964 393 1173 478; x_wconf 75' lang='lat' dir='ltr'>‘promissum</span> 
     </span>
     <span class='ocr_line' id='line_1_3' title="bbox 162 479 1173 567; baseline -0.001 -18"><span class='ocrx_word' id='word_1_12' title='bbox 162 483 324 549; x_wconf 85' lang='lat' dir='ltr'>somnium</span> <span class='ocrx_word' id='word_1_13' title='bbox 346 481 424 548; x_wconf 88' lang='lat' dir='ltr'>vidi.</span> <span class='ocrx_word' id='word_1_14' title='bbox 468 479 555 548; x_wconf 89' lang='lat' dir='ltr'>Nam</span> <span class='ocrx_word' id='word_1_15' title='bbox 584 483 618 546; x_wconf 90' lang='lat' dir='ltr'>et</span> <span class='ocrx_word' id='word_1_16' title='bbox 645 479 722 547; x_wconf 80' lang='lat' dir='ltr'>deur</span> <span class='ocrx_word' id='word_1_17' title='bbox 746 485 818 547; x_wconf 89' lang='lat' dir='ltr'>crat</span> <span class='ocrx_word' id='word_1_18' title='bbox 845 484 879 546; x_wconf 93' lang='lat' dir='ltr'>et</span> <span class='ocrx_word' id='word_1_19' title='bbox 905 481 1025 567; x_wconf 80' lang='lat' dir='ltr'>agebat</span> <span class='ocrx_word' id='word_1_20' title='bbox 1047 505 1173 550; x_wconf 89' lang='lat' dir='ltr'>mecum</span> 
     </span>
     <span class='ocr_line' id='line_1_4' title="bbox 158 568 1173 657; baseline 0.001 -20"><span class='ocrx_word' id='word_1_21' title='bbox 158 571 293 657; x_wconf 79' lang='lat' dir='ltr'><strong>nuptiae</strong></span> <span class='ocrx_word' id='word_1_22' title='bbox 331 572 500 636; x_wconf 88' lang='lat' dir='ltr'>secretum.</span> <span class='ocrx_word' id='word_1_23' title='bbox 559 568 666 655; x_wconf 78' lang='lat' dir='ltr'>Igitur</span> <span class='ocrx_word' id='word_1_24' title='bbox 702 591 811 634; x_wconf 89' lang='lat' dir='ltr'>curam</span> <span class='ocrx_word' id='word_1_25' title='bbox 847 591 967 655; x_wconf 80' lang='lat' dir='ltr'>quaero</span> <span class='ocrx_word' id='word_1_26' title='bbox 1005 571 1173 656; x_wconf 87' lang='lat' dir='ltr'>suscipias,</span> 
     </span>
     <span class='ocr_line' id='line_1_5' title="bbox 159 657 1172 746; baseline 0 -22"><span class='ocrx_word' id='word_1_27' title='bbox 159 660 286 746; x_wconf 88' lang='lat' dir='ltr'>qnando</span> <span class='ocrx_word' id='word_1_28' title='bbox 317 659 350 724; x_wconf 89' lang='lat' dir='ltr'>id</span> <span class='ocrx_word' id='word_1_29' title='bbox 381 658 530 724; x_wconf 89' lang='lat' dir='ltr'>effectum</span> <span class='ocrx_word' id='word_1_30' title='bbox 559 657 761 741; x_wconf 78' lang='lat' dir='ltr'><strong>compleatur</strong></span> <span class='ocrx_word' id='word_1_31' title='bbox 791 658 983 743; x_wconf 80' lang='lat' dir='ltr'>quandoque</span> <span class='ocrx_word' id='word_1_32' title='bbox 1012 681 1064 726; x_wconf 91' lang='lat' dir='ltr'>me</span> <span class='ocrx_word' id='word_1_33' title='bbox 1093 659 1172 726; x_wconf 89' lang='lat' dir='ltr'>deus</span> 
     </span>
    </p>
   </div>
   <div class='ocr_carea' id='block_1_3' title="bbox 157 747 1245 2954">
    <p class='ocr_par' dir='ltr' id='par_1_3' title="bbox 157 747 1213 2068">
     <span class='ocr_line' id='line_1_6' title="bbox 159 747 1198 834; baseline -0.002 -20"><span class='ocrx_word' id='word_1_34' title='bbox 159 751 220 814; x_wconf 86' lang='lat' dir='ltr'>iste</span> <span class='ocrx_word' id='word_1_35' title='bbox 244 748 410 834; x_wconf 79' lang='lat' dir='ltr'>dignetur,</span> <span class='ocrx_word' id='word_1_36' title='bbox 437 750 474 812; x_wconf 90' lang='lat' dir='ltr'>ut</span> <span class='ocrx_word' id='word_1_37' title='bbox 499 765 559 830; x_wconf 83' lang='lat' dir='ltr'>ego</span> <span class='ocrx_word' id='word_1_38' title='bbox 584 766 711 831; x_wconf 89' lang='lat' dir='ltr'>quoque</span> <span class='ocrx_word' id='word_1_39' title='bbox 734 747 897 832; x_wconf 84' lang='lat' dir='ltr'>iugalibus</span> <span class='ocrx_word' id='word_1_40' title='bbox 920 769 972 814; x_wconf 89' lang='lat' dir='ltr'>me</span> <span class='ocrx_word' id='word_1_41' title='bbox 995 750 1029 812; x_wconf 92' lang='lat' dir='ltr'>et</span> <span class='ocrx_word' id='word_1_42' title='bbox 1052 768 1198 832; x_wconf 81' lang='lat' dir='ltr'>sponsor</span> 
     </span>
     <span class='ocr_line' id='line_1_7' title="bbox 158 833 1170 923; baseline -0.002 -21"><span class='ocrx_word' id='word_1_43' title='bbox 158 837 223 902; x_wconf 87' lang='lat' dir='ltr'>iam</span> <span class='ocrx_word' id='word_1_44' title='bbox 246 833 457 923; x_wconf 85' lang='lat' dir='ltr'>praeparem&#39;</span> <span class='ocrx_word' id='word_1_45' title='bbox 495 834 547 900; x_wconf 81' lang='lat' dir='ltr'>Ad</span> <span class='ocrx_word' id='word_1_46' title='bbox 569 833 650 900; x_wconf 84' lang='lat' dir='ltr'>haec</span> <span class='ocrx_word' id='word_1_47' title='bbox 667 834 698 900; x_wconf 92' lang='lat' dir='ltr'>N</span> <span class='ocrx_word' id='word_1_48' title='bbox 702 837 893 902; x_wconf 85' lang='lat' dir='ltr'>eotanabus:</span> <span class='ocrx_word' id='word_1_49' title='bbox 915 835 999 902; x_wconf 72' lang='lat' dir='ltr'>‘Hoc</span> <span class='ocrx_word' id='word_1_50' title='bbox 1020 834 1170 920; x_wconf 86' lang='lat' dir='ltr'>quidem,’</span> 
     </span>
     <span class='ocr_line' id='line_1_8' title="bbox 159 922 1174 1008; baseline 0.001 -19"><span class='ocrx_word' id='word_1_51' title='bbox 159 926 279 1008; x_wconf 90' lang='lat' dir='ltr'>inquit,</span> <span class='ocrx_word' id='word_1_52' title='bbox 302 923 333 989; x_wconf 67' lang='grc' dir='ltr'>ὀ</span> <span class='ocrx_word' id='word_1_53' title='bbox 356 923 503 1007; x_wconf 87' lang='lat' dir='ltr'>domina,</span> <span class='ocrx_word' id='word_1_54' title='bbox 530 922 615 1006; x_wconf 90' lang='lat' dir='ltr'>quod</span> <span class='ocrx_word' id='word_1_55' title='bbox 638 922 763 1007; x_wconf 87' lang='lat' dir='ltr'>vidisti,</span> <span class='ocrx_word' id='word_1_56' title='bbox 790 944 895 990; x_wconf 72' lang='lat' dir='ltr'>verrere</span> <span class='ocrx_word' id='word_1_57' title='bbox 923 926 974 989; x_wconf 85' lang='lat' dir='ltr'>est</span> <span class='ocrx_word' id='word_1_58' title='bbox 1001 924 1174 990; x_wconf 83' lang='lat' dir='ltr'>somnium.</span> 
     </span>
     <span class='ocr_line' id='line_1_9' title="bbox 158 1003 1172 1094; baseline 0 -16"><span class='ocrx_word' id='word_1_59' title='bbox 158 1013 274 1078; x_wconf 89' lang='lat' dir='ltr'>Aderit</span> <span class='ocrx_word' id='word_1_60' title='bbox 305 1019 416 1078; x_wconf 87' lang='lat' dir='ltr'>tamen</span> <span class='ocrx_word' id='word_1_61' title='bbox 448 1012 518 1094; x_wconf 89' lang='lat' dir='ltr'>ipse</span> <span class='ocrx_word' id='word_1_62' title='bbox 550 1011 649 1076; x_wconf 90' lang='lat' dir='ltr'>etiam</span> <span class='ocrx_word' id='word_1_63' title='bbox 682 1011 723 1076; x_wconf 90' lang='lat' dir='ltr'>ad</span> <span class='ocrx_word' id='word_1_64' title='bbox 754 1016 788 1076; x_wconf 89' lang='lat' dir='ltr'>te</span> <span class='ocrx_word' id='word_1_65' title='bbox 819 1003 905 1077; x_wconf 90' lang='lat' dir='ltr'>deus.</span> <span class='ocrx_word' id='word_1_66' title='bbox 958 1010 1022 1077; x_wconf 81' lang='lat' dir='ltr'>Sed</span> <span class='ocrx_word' id='word_1_67' title='bbox 1056 1033 1172 1078; x_wconf 90' lang='lat' dir='ltr'>censeo</span> 
     </span>
     <span class='ocr_line' id='line_1_10' title="bbox 158 1099 1173 1184; baseline 0 -18"><span class='ocrx_word' id='word_1_68' title='bbox 158 1101 240 1167; x_wconf 90' lang='lat' dir='ltr'>mihi</span> <span class='ocrx_word' id='word_1_69' title='bbox 268 1122 429 1167; x_wconf 88' lang='lat' dir='ltr'>secessum</span> <span class='ocrx_word' id='word_1_70' title='bbox 456 1099 532 1165; x_wconf 88' lang='lat' dir='ltr'>istic</span> <span class='ocrx_word' id='word_1_71' title='bbox 561 1099 654 1164; x_wconf 82' lang='lat' dir='ltr'>iuxta</span> <span class='ocrx_word' id='word_1_72' title='bbox 681 1102 775 1165; x_wconf 90' lang='lat' dir='ltr'>tuum</span> <span class='ocrx_word' id='word_1_73' title='bbox 807 1100 989 1167; x_wconf 77' lang='lat' dir='ltr'>cubiculum</span> <span class='ocrx_word' id='word_1_74' title='bbox 1021 1100 1106 1184; x_wconf 88' lang='lat' dir='ltr'>dari,</span> <span class='ocrx_word' id='word_1_75' title='bbox 1134 1106 1173 1166; x_wconf 89' lang='lat' dir='ltr'>ut</span> 
     </span>
     <span class='ocr_line' id='line_1_11' title="bbox 158 1187 1213 1274; baseline -0.003 -19"><span class='ocrx_word' id='word_1_76' title='bbox 158 1193 244 1257; x_wconf 86' lang='lat' dir='ltr'>iuste</span> <span class='ocrx_word' id='word_1_77' title='bbox 266 1210 452 1274; x_wconf 76' lang='lat' dir='ltr'>procurem,</span> <span class='ocrx_word' id='word_1_78' title='bbox 479 1209 521 1253; x_wconf 88' lang='lat' dir='ltr'>nc</span> <span class='ocrx_word' id='word_1_79' title='bbox 549 1189 621 1271; x_wconf 88' lang='lat' dir='ltr'>quis</span> <span class='ocrx_word' id='word_1_80' title='bbox 651 1187 712 1253; x_wconf 81' lang='lat' dir='ltr'>tibi</span> <span class='ocrx_word' id='word_1_81' title='bbox 739 1191 845 1253; x_wconf 87' lang='lat' dir='ltr'>metus</span> <span class='ocrx_word' id='word_1_82' title='bbox 872 1188 916 1254; x_wconf 90' lang='lat' dir='ltr'>eit</span> <span class='ocrx_word' id='word_1_83' title='bbox 936 1189 1004 1264; x_wconf 73' lang='lat' dir='ltr'>,sub</span> <span class='ocrx_word' id='word_1_84' title='bbox 1032 1190 1172 1255; x_wconf 88' lang='lat' dir='ltr'>adventu</span> <span class='ocrx_word' id='word_1_85' title='bbox 1187 1212 1213 1252; x_wconf 86' lang='grc' dir='ltr'>ιι</span> 
     </span>
     <span class='ocr_line' id='line_1_12' title="bbox 157 1275 1173 1361; baseline -0.001 -17"><span class='ocrx_word' id='word_1_86' title='bbox 157 1280 255 1344; x_wconf 88' lang='lat' dir='ltr'>huius</span> <span class='ocrx_word' id='word_1_87' title='bbox 277 1275 441 1343; x_wconf 71' lang='lat' dir='ltr'>numinis?</span> <span class='ocrx_word' id='word_1_88' title='bbox 481 1275 606 1341; x_wconf 78' lang='lat' dir='ltr'>Probat</span> <span class='ocrx_word' id='word_1_89' title='bbox 624 1275 658 1340; x_wconf 95' lang='lat' dir='ltr'>id</span> <span class='ocrx_word' id='word_1_90' title='bbox 676 1276 830 1361; x_wconf 88' lang='lat' dir='ltr'>promissi</span> <span class='ocrx_word' id='word_1_91' title='bbox 848 1277 962 1361; x_wconf 84' lang='lat' dir='ltr'>regina</span> <span class='ocrx_word' id='word_1_92' title='bbox 980 1280 1013 1341; x_wconf 93' lang='lat' dir='ltr'>et</span> <span class='ocrx_word' id='word_1_93' title='bbox 1031 1278 1173 1344; x_wconf 89' lang='lat' dir='ltr'>vicinum</span> 
     </span>
     <span class='ocr_line' id='line_1_13' title="bbox 158 1363 1173 1451; baseline 0 -19"><span class='ocrx_word' id='word_1_94' title='bbox 158 1367 306 1434; x_wconf 88' lang='lat' dir='ltr'>cubiculo</span> <span class='ocrx_word' id='word_1_95' title='bbox 341 1387 399 1431; x_wconf 85' lang='lat' dir='ltr'>suo</span> <span class='ocrx_word' id='word_1_96' title='bbox 430 1386 592 1430; x_wconf 84' lang='lat' dir='ltr'>secessum</span> <span class='ocrx_word' id='word_1_97' title='bbox 620 1383 717 1448; x_wconf 82' lang='lat' dir='ltr'>mago</span> <span class='ocrx_word' id='word_1_98' title='bbox 748 1365 865 1430; x_wconf 84' lang='lat' dir='ltr'>tribuit</span> <span class='ocrx_word' id='word_1_99' title='bbox 894 1369 927 1430; x_wconf 86' lang='lat' dir='ltr'>et</span> <span class='ocrx_word' id='word_1_100' title='bbox 954 1363 1029 1449; x_wconf 57' lang='lat' dir='ltr'>‘Si&#39;</span> <span class='ocrx_word' id='word_1_101' title='bbox 1057 1367 1173 1451; x_wconf 88' lang='lat' dir='ltr'>inquit,</span> 
     </span>
     <span class='ocr_line' id='line_1_14' title="bbox 159 1453 1172 1539; baseline 0 -19"><span class='ocrx_word' id='word_1_102' title='bbox 159 1456 325 1521; x_wconf 75' lang='lat' dir='ltr'>‘harumce</span> <span class='ocrx_word' id='word_1_103' title='bbox 338 1453 527 1539; x_wconf 75' lang='lat' dir='ltr'>nuptiarum</span> <span class='ocrx_word' id='word_1_104' title='bbox 546 1473 661 1537; x_wconf 89' lang='lat' dir='ltr'>cepero</span> <span class='ocrx_word' id='word_1_105' title='bbox 678 1454 935 1537; x_wconf 81' lang='lat' dir='ltr'>experimentum</span> <span class='ocrx_word' id='word_1_106' title='bbox 951 1460 1172 1539; x_wconf 79' lang='lat' dir='ltr'>conceptaque</span> 
     </span>
     <span class='ocr_line' id='line_1_15' title="bbox 160 1541 1173 1628; baseline -0.002 -19"><span class='ocrx_word' id='word_1_107' title='bbox 160 1545 222 1609; x_wconf 89' lang='lat' dir='ltr'>sim</span> <span class='ocrx_word' id='word_1_108' title='bbox 244 1544 360 1628; x_wconf 85' lang='lat' dir='ltr'>potita,</span> <span class='ocrx_word' id='word_1_109' title='bbox 382 1543 488 1608; x_wconf 90' lang='lat' dir='ltr'>honor</span> <span class='ocrx_word' id='word_1_110' title='bbox 506 1542 625 1627; x_wconf 80' lang='lat' dir='ltr'>regalis</span> <span class='ocrx_word' id='word_1_111' title='bbox 645 1541 707 1605; x_wconf 90' lang='lat' dir='ltr'>tibi</span> <span class='ocrx_word' id='word_1_112' title='bbox 730 1564 750 1606; x_wconf 90' lang='lat' dir='ltr'>a</span> <span class='ocrx_word' id='word_1_113' title='bbox 772 1542 886 1625; x_wconf 84' lang='lat' dir='ltr'>regina</span> <span class='ocrx_word' id='word_1_114' title='bbox 907 1564 972 1608; x_wconf 90' lang='lat' dir='ltr'>non</span> <span class='ocrx_word' id='word_1_115' title='bbox 992 1542 1102 1626; x_wconf 89' lang='lat' dir='ltr'>deerit,</span> <span class='ocrx_word' id='word_1_116' title='bbox 1124 1543 1173 1607; x_wconf 88' lang='lat' dir='ltr'>in-</span> 
     </span>
     <span class='ocr_line' id='line_1_16' title="bbox 159 1629 1212 1717; baseline -0.005 -20"><span class='ocrx_word' id='word_1_117' title='bbox 159 1654 221 1717; x_wconf 86' lang='lat' dir='ltr'>que</span> <span class='ocrx_word' id='word_1_118' title='bbox 239 1636 273 1696; x_wconf 85' lang='lat' dir='ltr'>te</span> <span class='ocrx_word' id='word_1_119' title='bbox 291 1631 396 1716; x_wconf 89' lang='lat' dir='ltr'>patris</span> <span class='ocrx_word' id='word_1_120' title='bbox 421 1631 583 1696; x_wconf 86' lang='lat' dir='ltr'>adfectum</span> <span class='ocrx_word' id='word_1_121' title='bbox 605 1629 676 1695; x_wconf 85' lang='lat' dir='ltr'>fore</span> <span class='ocrx_word' id='word_1_122' title='bbox 699 1629 781 1695; x_wconf 88' lang='lat' dir='ltr'>mihi</span> <span class='ocrx_word' id='word_1_123' title='bbox 803 1630 870 1694; x_wconf 90' lang='lat' dir='ltr'>iam</span> <span class='ocrx_word' id='word_1_124' title='bbox 893 1629 1212 1715; x_wconf 82' lang='lat' dir='ltr'>spespromittit.&#39;·15</span> 
     </span>
     <span class='ocr_line' id='line_1_17' title="bbox 158 1715 1173 1803; baseline -0.002 -17"><span class='ocrx_word' id='word_1_125' title='bbox 158 1719 241 1786; x_wconf 80' lang='lat' dir='ltr'>Tum</span> <span class='ocrx_word' id='word_1_126' title='bbox 264 1720 389 1785; x_wconf 87' lang='lat' dir='ltr'>addidit</span> <span class='ocrx_word' id='word_1_127' title='bbox 416 1719 484 1784; x_wconf 90' lang='lat' dir='ltr'>ille:</span> <span class='ocrx_word' id='word_1_128' title='bbox 513 1717 727 1784; x_wconf 72' lang='lat' dir='ltr'>‘Praecursor</span> <span class='ocrx_word' id='word_1_129' title='bbox 747 1715 835 1800; x_wconf 89' lang='lat' dir='ltr'>tibi,&#39;</span> <span class='ocrx_word' id='word_1_130' title='bbox 863 1717 982 1803; x_wconf 88' lang='lat' dir='ltr'>inquit,</span> <span class='ocrx_word' id='word_1_131' title='bbox 1006 1718 1073 1784; x_wconf 79' lang='lat' dir='ltr'>‘dei</span> <span class='ocrx_word' id='word_1_132' title='bbox 1095 1741 1173 1786; x_wconf 83' lang='lat' dir='ltr'>mox</span> 
     </span>
     <span class='ocr_line' id='line_1_18' title="bbox 159 1806 1172 1892; baseline -0.001 -18"><span class='ocrx_word' id='word_1_133' title='bbox 159 1809 271 1874; x_wconf 88' lang='lat' dir='ltr'>aderit.</span> <span class='ocrx_word' id='word_1_134' title='bbox 325 1808 411 1873; x_wconf 85' lang='lat' dir='ltr'>Nam</span> <span class='ocrx_word' id='word_1_135' title='bbox 444 1807 570 1872; x_wconf 88' lang='lat' dir='ltr'>sedenti</span> <span class='ocrx_word' id='word_1_136' title='bbox 608 1807 814 1892; x_wconf 72' lang='lat' dir='ltr'>superveniet</span> <span class='ocrx_word' id='word_1_137' title='bbox 849 1806 945 1872; x_wconf 82' lang='lat' dir='ltr'>draco</span> <span class='ocrx_word' id='word_1_138' title='bbox 982 1807 1172 1874; x_wconf 84' lang='lat' dir='ltr'>clementius</span> 
     </span>
     <span class='ocr_line' id='line_1_19' title="bbox 157 1894 1172 2068; baseline -0.001 -17"><span class='ocrx_word' id='word_1_139' title='bbox 157 1894 1172 2068; x_wconf 38' lang='lat' dir='ltr'>{quqdqedqnqq33330333341333qim</span> 
     </span>
     <span class='ocr_line' id='line_1_20' title="bbox 464 2034 473 2068; baseline 0 0"><span class='ocrx_word' id='word_1_140' title='bbox 464 2034 473 2068; x_wconf 73' lang='lat' dir='ltr'>i</span> 
     </span>
    </p>

    <p class='ocr_par' dir='ltr' id='par_1_4' title="bbox 158 2072 1212 2404">
     <span class='ocr_line' id='line_1_21' title="bbox 159 2072 1212 2158; baseline -0.004 -20"><span class='ocrx_word' id='word_1_141' title='bbox 159 2073 309 2138; x_wconf 85' lang='lat' dir='ltr'>stinxcris</span> <span class='ocrx_word' id='word_1_142' title='bbox 324 2072 457 2156; x_wconf 89' lang='lat' dir='ltr'>lumina,</span> <span class='ocrx_word' id='word_1_143' title='bbox 475 2073 531 2138; x_wconf 87' lang='lat' dir='ltr'>scd</span> <span class='ocrx_word' id='word_1_144' title='bbox 547 2093 620 2137; x_wconf 89' lang='lat' dir='ltr'>cum</span> <span class='ocrx_word' id='word_1_145' title='bbox 633 2076 665 2136; x_wconf 86' lang='lat' dir='ltr'>te</span> <span class='ocrx_word' id='word_1_146' title='bbox 679 2073 799 2139; x_wconf 82' lang='lat' dir='ltr'>lectulo</span> <span class='ocrx_word' id='word_1_147' title='bbox 814 2072 1004 2155; x_wconf 73' lang='lat' dir='ltr'>conlocariS,</span> <span class='ocrx_word' id='word_1_148' title='bbox 1022 2077 1170 2158; x_wconf 87' lang='lat' dir='ltr'>opertum</span> <span class='ocrx_word' id='word_1_149' title='bbox 1185 2096 1212 2135; x_wconf 80' lang='lat' dir='ltr'>no</span> 
     </span>
     <span class='ocr_line' id='line_1_22' title="bbox 159 2161 1173 2246; baseline 0.001 -20"><span class='ocrx_word' id='word_1_150' title='bbox 159 2162 286 2246; x_wconf 90' lang='lat' dir='ltr'>quidem</span> <span class='ocrx_word' id='word_1_151' title='bbox 300 2161 429 2227; x_wconf 82' lang='lat' dir='ltr'>vultum</span> <span class='ocrx_word' id='word_1_152' title='bbox 447 2161 488 2226; x_wconf 91' lang='lat' dir='ltr'>ad</span> <span class='ocrx_word' id='word_1_153' title='bbox 501 2161 727 2227; x_wconf 87' lang='lat' dir='ltr'>verecundiam</span> <span class='ocrx_word' id='word_1_154' title='bbox 741 2162 860 2227; x_wconf 85' lang='lat' dir='ltr'>texeris</span> <span class='ocrx_word' id='word_1_155' title='bbox 874 2161 1043 2245; x_wconf 87' lang='lat' dir='ltr'>velamine,</span> <span class='ocrx_word' id='word_1_156' title='bbox 1061 2165 1173 2227; x_wconf 88' lang='lat' dir='ltr'>tamen</span> 
     </span>
     <span class='ocr_line' id='line_1_23' title="bbox 158 2249 1172 2335; baseline 0 -21"><span class='ocrx_word' id='word_1_157' title='bbox 158 2251 246 2315; x_wconf 87' lang='lat' dir='ltr'>limis</span> <span class='ocrx_word' id='word_1_158' title='bbox 265 2250 400 2335; x_wconf 84' lang='lat' dir='ltr'>explora</span> <span class='ocrx_word' id='word_1_159' title='bbox 417 2249 529 2314; x_wconf 88' lang='lat' dir='ltr'>vultus</span> <span class='ocrx_word' id='word_1_160' title='bbox 546 2250 630 2334; x_wconf 88' lang='lat' dir='ltr'>illos,</span> <span class='ocrx_word' id='word_1_161' title='bbox 650 2271 730 2334; x_wconf 87' lang='lat' dir='ltr'>quos</span> <span class='ocrx_word' id='word_1_162' title='bbox 753 2250 820 2314; x_wconf 89' lang='lat' dir='ltr'>iam</span> <span class='ocrx_word' id='word_1_163' title='bbox 839 2271 954 2315; x_wconf 89' lang='lat' dir='ltr'>somno</span> <span class='ocrx_word' id='word_1_164' title='bbox 973 2249 1172 2333; x_wconf 80' lang='lat' dir='ltr'>praevidisti,</span> 
     </span>
     <span class='ocr_line' id='line_1_24' title="bbox 158 2336 405 2404; baseline -0.004 -1"><span class='ocrx_word' id='word_1_165' title='bbox 158 2343 195 2403; x_wconf 85' lang='lat' dir='ltr'>ut</span> <span class='ocrx_word' id='word_1_166' title='bbox 217 2340 246 2403; x_wconf 85' lang='lat' dir='ltr'>ai</span> <span class='ocrx_word' id='word_1_167' title='bbox 269 2338 298 2402; x_wconf 89' lang='lat' dir='ltr'>is</span> <span class='ocrx_word' id='word_1_168' title='bbox 322 2336 405 2404; x_wconf 70' lang='lat' dir='ltr'>erit?</span> 
     </span>
    </p>

    <p class='ocr_par' dir='ltr' id='par_1_5' title="bbox 157 2425 1245 2954">
     <span class='ocr_line' id='line_1_25' title="bbox 247 2425 1245 2510; baseline -0.007 -19"><span class='ocrx_word' id='word_1_169' title='bbox 247 2427 435 2510; x_wconf 87' lang='lat' dir='ltr'>Insequenti</span> <span class='ocrx_word' id='word_1_170' title='bbox 452 2426 554 2510; x_wconf 81' lang='lat' dir='ltr'>igitur</span> <span class='ocrx_word' id='word_1_171' title='bbox 578 2426 629 2490; x_wconf 89' lang='lat' dir='ltr'>die</span> <span class='ocrx_word' id='word_1_172' title='bbox 653 2430 686 2490; x_wconf 94' lang='lat' dir='ltr'>et</span> <span class='ocrx_word' id='word_1_173' title='bbox 707 2426 799 2491; x_wconf 89' lang='lat' dir='ltr'>locus</span> <span class='ocrx_word' id='word_1_174' title='bbox 818 2446 914 2510; x_wconf 84' lang='lat' dir='ltr'>mago</span> <span class='ocrx_word' id='word_1_175' title='bbox 937 2425 1121 2490; x_wconf 87' lang='lat' dir='ltr'>destinatur</span> <span class='ocrx_word' id='word_1_176' title='bbox 1139 2428 1172 2490; x_wconf 86' lang='lat' dir='ltr'>et</span> <span class='ocrx_word' id='word_1_177' title='bbox 1185 2431 1245 2487; x_wconf 83' lang='lat' dir='ltr'><strong>VII.</strong></span> 
     </span>
     <span class='ocr_line' id='line_1_26' title="bbox 157 2513 1211 2600; baseline -0.004 -20"><span class='ocrx_word' id='word_1_178' title='bbox 157 2515 212 2580; x_wconf 90' lang='lat' dir='ltr'>ille</span> <span class='ocrx_word' id='word_1_179' title='bbox 236 2516 369 2600; x_wconf 90' lang='lat' dir='ltr'>quaevis</span> <span class='ocrx_word' id='word_1_180' title='bbox 393 2537 432 2580; x_wconf 83' lang='lat' dir='ltr'>ex</span> <span class='ocrx_word' id='word_1_181' title='bbox 455 2519 524 2580; x_wconf 88' lang='lat' dir='ltr'>arte</span> <span class='ocrx_word' id='word_1_182' title='bbox 548 2518 732 2598; x_wconf 84' lang='lat' dir='ltr'>opportuna</span> <span class='ocrx_word' id='word_1_183' title='bbox 751 2514 902 2597; x_wconf 88' lang='lat' dir='ltr'>providit,</span> <span class='ocrx_word' id='word_1_184' title='bbox 924 2513 1028 2578; x_wconf 90' lang='lat' dir='ltr'>vellus</span> <span class='ocrx_word' id='word_1_185' title='bbox 1047 2513 1211 2579; x_wconf 71' lang='lat' dir='ltr'>scilicetne</span> 
     </span>
     <span class='ocr_line' id='line_1_27' title="bbox 158 2601 1171 2688; baseline -0.001 -20"><span class='ocrx_word' id='word_1_186' title='bbox 158 2604 269 2668; x_wconf 85' lang='lat' dir='ltr'>arietis</span> <span class='ocrx_word' id='word_1_187' title='bbox 289 2625 386 2688; x_wconf 87' lang='lat' dir='ltr'>quam</span> <span class='ocrx_word' id='word_1_188' title='bbox 404 2602 633 2668; x_wconf 85' lang='lat' dir='ltr'>mollissimum</span> <span class='ocrx_word' id='word_1_189' title='bbox 651 2624 716 2666; x_wconf 84' lang='lat' dir='ltr'>una</span> <span class='ocrx_word' id='word_1_190' title='bbox 735 2623 807 2668; x_wconf 88' lang='lat' dir='ltr'>cum</span> <span class='ocrx_word' id='word_1_191' title='bbox 827 2601 978 2668; x_wconf 81' lang='lat' dir='ltr'>cornibus</span> <span class='ocrx_word' id='word_1_192' title='bbox 994 2605 1171 2686; x_wconf 86' lang='lat' dir='ltr'>sceptrum·</span> 
     </span>
     <span class='ocr_line' id='line_1_28' title="bbox 158 2690 1171 2776; baseline 0 -19"><span class='ocrx_word' id='word_1_193' title='bbox 158 2714 220 2776; x_wconf 90' lang='lat' dir='ltr'>que</span> <span class='ocrx_word' id='word_1_194' title='bbox 244 2697 278 2757; x_wconf 91' lang='lat' dir='ltr'>et</span> <span class='ocrx_word' id='word_1_195' title='bbox 300 2693 455 2757; x_wconf 89' lang='lat' dir='ltr'>amictum</span> <span class='ocrx_word' id='word_1_196' title='bbox 480 2691 654 2757; x_wconf 89' lang='lat' dir='ltr'>admodum</span> <span class='ocrx_word' id='word_1_197' title='bbox 677 2690 857 2757; x_wconf 86' lang='lat' dir='ltr'>candidum.</span> <span class='ocrx_word' id='word_1_198' title='bbox 895 2690 965 2768; x_wconf 81' lang='lat' dir='ltr'>Quo</span> <span class='ocrx_word' id='word_1_199' title='bbox 990 2691 1171 2775; x_wconf 87' lang='lat' dir='ltr'>superiecto</span> 
     </span>
     <span class='ocr_line' id='line_1_29' title="bbox 158 2779 1172 2846; baseline 0 -2"><span class='ocrx_word' id='word_1_200' title='bbox 158 2779 260 2845; x_wconf 88' lang='lat' dir='ltr'>efficit</span> <span class='ocrx_word' id='word_1_201' title='bbox 283 2781 418 2846; x_wconf 86' lang='lat' dir='ltr'>scientia</span> <span class='ocrx_word' id='word_1_202' title='bbox 436 2781 609 2845; x_wconf 88' lang='lat' dir='ltr'>draconem</span> <span class='ocrx_word' id='word_1_203' title='bbox 632 2779 695 2844; x_wconf 90' lang='lat' dir='ltr'>sibi</span> <span class='ocrx_word' id='word_1_204' title='bbox 714 2780 815 2846; x_wconf 86' lang='lat' dir='ltr'>veluti</span> <span class='ocrx_word' id='word_1_205' title='bbox 837 2783 1043 2846; x_wconf 88' lang='lat' dir='ltr'>mansuetum</span> <span class='ocrx_word' id='word_1_206' title='bbox 1067 2783 1100 2844; x_wconf 92' lang='lat' dir='ltr'>et</span> <span class='ocrx_word' id='word_1_207' title='bbox 1120 2780 1172 2845; x_wconf 94' lang='lat' dir='ltr'>in-</span> 
     </span>
     <span class='ocr_line' id='line_1_30' title="bbox 157 2868 1173 2954; baseline 0 -21"><span class='ocrx_word' id='word_1_208' title='bbox 157 2869 252 2933; x_wconf 84' lang='lat' dir='ltr'>noxie</span> <span class='ocrx_word' id='word_1_209' title='bbox 281 2868 483 2954; x_wconf 84' lang='lat' dir='ltr'>gradientem</span> <span class='ocrx_word' id='word_1_210' title='bbox 509 2889 710 2953; x_wconf 81' lang='lat' dir='ltr'>vesperaque</span> <span class='ocrx_word' id='word_1_211' title='bbox 739 2868 963 2935; x_wconf 81' lang='lat' dir='ltr'>adventantem</span> <span class='ocrx_word' id='word_1_212' title='bbox 994 2891 1067 2935; x_wconf 90' lang='lat' dir='ltr'>eum</span> <span class='ocrx_word' id='word_1_213' title='bbox 1094 2869 1173 2950; x_wconf 81' lang='lat' dir='ltr'>facit</span> 
     </span>
    </p>
   </div>
   <div class='ocr_carea' id='block_1_4' title="bbox 156 3024 1172 3659">
    <p class='ocr_par' dir='ltr' id='par_1_6' title="bbox 156 3024 1172 3659">
     <span class='ocr_line' id='line_1_31' title="bbox 249 3024 1172 3106; baseline 0.001 -27"><span class='ocrx_word' id='word_1_214' title='bbox 249 3029 264 3079; x_wconf 83' lang='lat'>6</span> <span class='ocrx_word' id='word_1_215' title='bbox 283 3024 459 3096; x_wconf 86' lang='lat' dir='ltr'>praeparem]</span> <span class='ocrx_word' id='word_1_216' title='bbox 486 3025 671 3106; x_wconf 27' lang='lat' dir='ltr'>lepintqatum</span> <span class='ocrx_word' id='word_1_217' title='bbox 697 3027 777 3094; x_wconf 70' lang='lat' dir='ltr'>piper⁴</span> <span class='ocrx_word' id='word_1_218' title='bbox 871 3031 887 3080; x_wconf 74' lang='lat'>&#39;1</span> <span class='ocrx_word' id='word_1_219' title='bbox 905 3042 1002 3081; x_wconf 91' lang='lat' dir='ltr'>verum</span> <span class='ocrx_word' id='word_1_220' title='bbox 1024 3024 1114 3096; x_wconf 71' lang='lat' dir='ltr'>appu</span> <span class='ocrx_word' id='word_1_221' title='bbox 1138 3040 1172 3080; x_wconf 79' lang='lat' dir='ltr'>ec</span> 
     </span>
     <span class='ocr_line' id='line_1_32' title="bbox 158 3095 1171 3178; baseline -0.003 -28"><span class='ocrx_word' id='word_1_222' title='bbox 158 3095 237 3177; x_wconf 76' lang='lat' dir='ltr'>Epir.</span> <span class='ocrx_word' id='word_1_223' title='bbox 256 3169 291 3177; x_wconf 52' lang='lat'><em>-</em></span> <span class='ocrx_word' id='word_1_224' title='bbox 346 3101 362 3150; x_wconf 84' lang='lat'>8</span> <span class='ocrx_word' id='word_1_225' title='bbox 391 3109 491 3149; x_wconf 86' lang='lat' dir='ltr'>censeo</span> <span class='ocrx_word' id='word_1_226' title='bbox 519 3095 603 3177; x_wconf 71' lang='lat' dir='ltr'>nnhr¹</span> <span class='ocrx_word' id='word_1_227' title='bbox 617 3111 756 3150; x_wconf 84' lang='lat' dir='ltr'>secessum</span> <span class='ocrx_word' id='word_1_228' title='bbox 782 3096 847 3150; x_wconf 88' lang='lat' dir='ltr'>istic</span> <span class='ocrx_word' id='word_1_229' title='bbox 873 3097 972 3166; x_wconf 79' lang='lat' dir='ltr'>scripsi</span> <span class='ocrx_word' id='word_1_230' title='bbox 978 3116 989 3162; x_wconf 92' lang='lat'><em>;</em></span> <span class='ocrx_word' id='word_1_231' title='bbox 1015 3098 1113 3178; x_wconf 76' lang='lat' dir='ltr'>tensae</span> <span class='ocrx_word' id='word_1_232' title='bbox 1137 3097 1171 3164; x_wconf 73' lang='lat' dir='ltr'>(r)</span> 
     </span>
     <span class='ocr_line' id='line_1_33' title="bbox 162 3165 1170 3248; baseline -0.001 -29"><span class='ocrx_word' id='word_1_233' title='bbox 162 3165 233 3219; x_wconf 84' lang='lat' dir='ltr'>mrhr</span> <span class='ocrx_word' id='word_1_234' title='bbox 257 3181 289 3220; x_wconf 90' lang='lat' dir='ltr'>ee</span> <span class='ocrx_word' id='word_1_235' title='bbox 314 3182 376 3220; x_wconf 90' lang='lat' dir='ltr'>sum</span> <span class='ocrx_word' id='word_1_236' title='bbox 395 3165 503 3248; x_wconf 38' lang='lat' dir='ltr'>(tumr).</span> <span class='ocrx_word' id='word_1_237' title='bbox 516 3168 555 3219; x_wconf 84' lang='lat' dir='ltr'>art</span> <span class='ocrx_word' id='word_1_238' title='bbox 575 3166 635 3233; x_wconf 81' lang='lat' dir='ltr'>hro,</span> <span class='ocrx_word' id='word_1_239' title='bbox 657 3167 737 3221; x_wconf 77' lang='lat' dir='ltr'>corbo</span> <span class='ocrx_word' id='word_1_240' title='bbox 759 3183 807 3221; x_wconf 78' lang='lat' dir='ltr'>scu</span> <span class='ocrx_word' id='word_1_241' title='bbox 829 3167 870 3221; x_wconf 82' lang='lat' dir='ltr'>cet</span> <span class='ocrx_word' id='word_1_242' title='bbox 891 3173 989 3235; x_wconf 80' lang='lat' dir='ltr'>septem</span> <span class='ocrx_word' id='word_1_243' title='bbox 1008 3167 1170 3248; x_wconf 48' lang='lat' dir='ltr'>tundalum,</span> 
     </span>
     <span class='ocr_line' id='line_1_34' title="bbox 157 3236 1170 3320; baseline -0.002 -28"><span class='ocrx_word' id='word_1_244' title='bbox 157 3237 231 3304; x_wconf 79' lang='lat' dir='ltr'>quod</span> <span class='ocrx_word' id='word_1_245' title='bbox 249 3237 407 3318; x_wconf 29' lang='lat' dir='ltr'>lrpcrcuaoo</span> <span class='ocrx_word' id='word_1_246' title='bbox 419 3241 502 3318; x_wconf 65' lang='lat' dir='ltr'>potue</span> <span class='ocrx_word' id='word_1_247' title='bbox 521 3238 688 3319; x_wconf 65' lang='lat' dir='ltr'>(secarent),</span> <span class='ocrx_word' id='word_1_248' title='bbox 710 3237 895 3320; x_wconf 73' lang='lat' dir='ltr'>superscripto</span> <span class='ocrx_word' id='word_1_249' title='bbox 912 3253 994 3320; x_wconf 64' lang='lat' dir='ltr'>saper</span> <span class='ocrx_word' id='word_1_250' title='bbox 1011 3236 1079 3291; x_wconf 78' lang='lat' dir='ltr'>mete</span> <span class='ocrx_word' id='word_1_251' title='bbox 1096 3253 1124 3292; x_wconf 87' lang='lat' dir='ltr'>ee</span> <span class='ocrx_word' id='word_1_252' title='bbox 1142 3243 1170 3290; x_wconf 69' lang='grc' dir='ltr'>Τ.</span> 
     </span>
     <span class='ocr_line' id='line_1_35' title="bbox 159 3306 1170 3390; baseline 0.003 -30"><span class='ocrx_word' id='word_1_253' title='bbox 159 3313 190 3360; x_wconf 93' lang='grc'>11</span> <span class='ocrx_word' id='word_1_254' title='bbox 210 3322 345 3388; x_wconf 78' lang='lat' dir='ltr'>promrssr</span> <span class='ocrx_word' id='word_1_255' title='bbox 358 3312 385 3361; x_wconf 73' lang='grc' dir='ltr'>τ.</span> <span class='ocrx_word' id='word_1_256' title='bbox 404 3314 588 3390; x_wconf 75' lang='lat' dir='ltr'>promrssrye?</span> <span class='ocrx_word' id='word_1_257' title='bbox 626 3313 659 3362; x_wconf 80' lang='lat'>13</span> <span class='ocrx_word' id='word_1_258' title='bbox 677 3307 810 3390; x_wconf 78' lang='lat' dir='ltr'>harumce</span> <span class='ocrx_word' id='word_1_259' title='bbox 823 3322 934 3388; x_wconf 70' lang='lat' dir='ltr'>¹europae.</span> <span class='ocrx_word' id='word_1_260' title='bbox 960 3306 1060 3361; x_wconf 84' lang='lat' dir='ltr'>harum</span> <span class='ocrx_word' id='word_1_261' title='bbox 1078 3313 1170 3388; x_wconf 70' lang='lat' dir='ltr'>mer.</span> 
     </span>
     <span class='ocr_line' id='line_1_36' title="bbox 156 3376 1171 3529; baseline 0.002 -27"><span class='ocrx_word' id='word_1_262' title='bbox 156 3376 1171 3529; x_wconf 45' lang='lat' dir='ltr'>diffinit‚ffbfftfftitttttttttdde&amp;tradididit</span> 
     </span>
     <span class='ocr_line' id='line_1_37' title="bbox 156 3518 1171 3601; baseline 0 -29"><span class='ocrx_word' id='word_1_263' title='bbox 156 3519 230 3572; x_wconf 88' lang='lat' dir='ltr'>vidit</span> <span class='ocrx_word' id='word_1_264' title='bbox 248 3525 276 3573; x_wconf 69' lang='grc' dir='ltr'>Τ.</span> <span class='ocrx_word' id='word_1_265' title='bbox 349 3590 353 3601; x_wconf 37' lang='grc' dir='ltr'>Ι</span> <span class='ocrx_word' id='word_1_266' title='bbox 385 3523 419 3572; x_wconf 78' lang='lat'>28</span> <span class='ocrx_word' id='word_1_267' title='bbox 437 3535 568 3574; x_wconf 77' lang='lat' dir='ltr'>mnonae</span> <span class='ocrx_word' id='word_1_268' title='bbox 588 3518 761 3586; x_wconf 76' lang='lat' dir='ltr'>gredientem</span> <span class='ocrx_word' id='word_1_269' title='bbox 779 3533 953 3588; x_wconf 84' lang='lat' dir='ltr'>vesperaque</span> <span class='ocrx_word' id='word_1_270' title='bbox 972 3519 1126 3573; x_wconf 86' lang='lat' dir='ltr'>adventant</span> <span class='ocrx_word' id='word_1_271' title='bbox 1143 3525 1171 3572; x_wconf 66' lang='grc' dir='ltr'>τ.</span> 
     </span>
     <span class='ocr_line' id='line_1_38' title="bbox 157 3589 964 3659; baseline 0.001 -17"><span class='ocrx_word' id='word_1_272' title='bbox 157 3595 191 3643; x_wconf 81' lang='lat'>29</span> <span class='ocrx_word' id='word_1_273' title='bbox 211 3590 281 3644; x_wconf 79' lang='lat' dir='ltr'>facit</span> <span class='ocrx_word' id='word_1_274' title='bbox 298 3591 412 3658; x_wconf 48' lang='lat' dir='ltr'>scrupe&amp;</span> <span class='ocrx_word' id='word_1_275' title='bbox 430 3589 502 3659; x_wconf 79' lang='lat' dir='ltr'>quod</span> <span class='ocrx_word' id='word_1_276' title='bbox 521 3594 580 3646; x_wconf 83' lang='lat' dir='ltr'>crat</span> <span class='ocrx_word' id='word_1_277' title='bbox 597 3591 629 3644; x_wconf 79' lang='lat' dir='ltr'>iu</span> <span class='ocrx_word' id='word_1_278' title='bbox 647 3595 685 3655; x_wconf 61' lang='lat' dir='ltr'>r„</span> <span class='ocrx_word' id='word_1_279' title='bbox 704 3590 787 3658; x_wconf 74' lang='lat' dir='ltr'>tepere</span> <span class='ocrx_word' id='word_1_280' title='bbox 804 3605 862 3644; x_wconf 77' lang='lat' dir='ltr'>oca</span> <span class='ocrx_word' id='word_1_281' title='bbox 874 3589 964 3659; x_wconf 80' lang='lat' dir='ltr'>potui.</span> 
     </span>
    </p>
   </div>
   <div class='ocr_carea' id='block_1_5' title="bbox 0 0 1328 3922">
    <p class='ocr_par' dir='ltr' id='par_1_7' title="bbox 0 0 1328 3922">
     <span class='ocr_line' id='line_1_39' title="bbox 0 0 1328 3922; baseline 0 0"><span class='ocrx_word' id='word_1_282' title='bbox 0 0 1328 3922; x_wconf 95' lang='lat' dir='ltr'> </span> 
     </span>
    </p>
   </div>
  </div>
 </body>
</html>
