2646 3934
258 207 436 265 EPISTOLA
455 207 671 263 ALEXANDRI
689 207 738 262 Al)
757 207 1024 265 ARISTOTELEM.
1082 209 1148 274 203

131 371 254 437 milites
286 393 375 436 meos
406 371 541 436 subinde
572 373 791 436 commeantes
821 371 1060 456 interrogabat,
1093 372 1149 437 ubi

134 479 197 546 ego
220 480 326 526 essem
349 465 383 525 et
406 461 483 544 quid
506 480 647 546 agerem.
684 458 746 534 Qui
770 481 843 524 oum
866 460 992 546 ineerta
1014 482 1149 544 respou-

132 550 263 634 derent,
292 550 361 632 ipse
390 549 508 615 auditis
537 550 605 614 eius
634 547 948 634 interrogationibus
968 584 1014 595 —
1038 551 1149 614 omnia

134 638 221 702 enim
257 638 338 702 mihi
375 639 447 724 regi
482 659 603 723 magno
635 636 848 702 Macedonum
884 635 1071 702 referebant
1107 673 1146 686 -—

134 733 265 812 sumpto
294 726 410 792 habitu
438 727 573 792 militari
602 727 813 812 depositoque
840 726 930 790 cultu
953 747 1026 790 meo
1051 727 1184 791 solitos

133 815 268 899 perveni
290 816 325 878 in
349 817 518 880 castellum
543 817 624 899 eius,
651 819 688 879 ut
716 813 869 899 quiddam
893 814 960 878 vini
986 818 1020 878 et
1043 815 1149 879 earnis

135 908 312 986 empturus.
359 902 508 988 (lusuque
526 903 630 968 Porus
655 903 822 970 sciscitans
846 924 899 968 me
922 903 1149 986 interrogauit,

134 992 212 1076 quid
230 992 351 1057 faceret
370 992 554 1057 Alexander
578 996 635 1057 aut
658 993 748 1058 cuius
766 995 859 1056 esset
881 992 1008 1056 aetatis.
1046 991 1149 1066 Quem

133 1081 247 1146 ludens
274 1082 443 1147 mendacio
467 1083 640 1166 temporis,
670 1081 868 1166 ‘Tamquam
897 1080 996 1145 homo
1021 1079 1148 1163 senior,'

132 1169 281 1253 inquam,
311 1169 390 1234 ‘dux
414 1175 526 1236 noster
556 1173 588 1234 in
617 1171 826 1235 tabernaculo
858 1190 916 1234 suo
948 1191 982 1234 se
1013 1191 1147 1235 accenso
1162 1193 1189 1232 ro

132 1257 220 1342 ignis
252 1260 358 1324 calore
387 1257 512 1323 reficit?
566 1257 650 1322 Tum
681 1259 737 1322 ille
767 1258 886 1344 gaudio
917 1259 1040 1342 alacer,
1072 1259 1149 1343 quia

134 1369 208 1411 cum
232 1344 393 1431 decrepito
419 1368 493 1411 sene
517 1350 602 1410 esset
625 1348 785 1431 proelium
809 1346 1049 1430 commissurus,
1075 1368 1148 1410 oum

133 1438 220 1499 esset
246 1436 317 1520 ipse
339 1436 464 1500 iuvenis
486 1437 591 1498 elatus
615 1441 756 1518 tumore,
785 1433 838 1498 ‘ut
866 1436 943 1519 quid
965 1433 1071 1519 erg0‚'
1099 1435 1148 1499 in-

133 1525 217 1609 quit,
241 1523 318 1588 ‘non
341 1523 475 1608 respicit
500 1528 639 1587 aetatem
664 1521 793 1588 suaml'
840 1521 1007 1606 Respondi
1031 1525 1060 1588 ei
1082 1545 1148 1588 uno

131 1614 165 1677 id
183 1614 354 1696 proposito
373 1614 525 1697 ignorare
544 1633 605 1696 me,
625 1611 701 1695 quid
720 1611 842 1676 faceret
861 1611 1055 1696 Alexander,
1074 1633 1147 1676 cum
1162 1633 1188 1673 rs

133 1723 238 1765 essem
262 1701 431 1787 gregarius
455 1723 494 1765 ex
517 1699 727 1765 Macedonico
752 1699 894 1764 exercitu
918 1700 1023 1764 miles.
1064 1698 1148 1766 Oum

132 1788 213 1854 haec
237 1789 395 1874 audisset,
423 1789 559 1854 tradidit
586 1789 665 1852 mihi
689 1788 787 1853 minis
811 1789 942 1872 plenam
965 1788 1149 1873 epistolam,

132 1900 228 1961 quam
257 1878 286 1942 si
313 1878 384 1964 regi
411 1877 596 1943 Alexandro
624 1877 750 1960 darem,
780 1876 946 1960 pollicitus
975 1881 1027 1942 est
1054 1899 1148 1962 prae-

132 1968 241 2031 mium.
292 1965 351 2032 Oui
379 1967 490 2032 iurans
520 1967 586 2031 dixi
614 1967 774 2049 futurum,
804 1969 842 2031 ut
870 1965 904 2029 in
932 1987 1049 2030 manus
1078 1967 1146 2030 eius

131 2054 192 2119 hae
215 2056 342 2120 litterae
365 2057 579 2141 pervenirent.
616 2055 839 2139 Reversusque
862 2056 1011 2137 protinus
1036 2052 1073 2118 in
1095 2077 1145 2120 ca·
1160 2076 1187 2116 ao

132 2148 209 2226 stra,
227 2148 261 2208 et
280 2149 453 2230 antequam
473 2145 614 2228 legerem
634 2145 808 2226 epistolam
827 2147 859 2206 et
876 2147 1051 2227 postquam
1070 2144 1146 2228 legi,

132 2252 251 2315 magno
271 2233 338 2296 risu
358 2255 430 2297 sum
451 2232 637 2296 dissolutus.
675 2230 773 2295 Cuius
797 2231 857 2295 tibi
880 2234 913 2294 et
937 2232 1034 2295 matri
1054 2253 1144 2297 meae

132 2319 360 2405 sororibusque
390 2321 470 2385 meis
507 2319 691 2402 superbiam
724 2319 979 2403 inclinatamque
1013 2320 1145 2385 barbari

131 2408 348 2474 temeritatem
372 2408 539 2474 miraturis
564 2408 711 2492 exempla
734 2407 818 2473 misi.

222 2587 236 2634 1
265 2584 454 2636 commeantes
481 2581 555 2637 GH.
594 2581 760 2636 comitantes
787 2580 856 2635 u.V.
933 2587 949 2636 2
978 2583 1007 2636 et
1033 2597 1085 2636 om.
1114 2603 1146 2636 ω.

131 2652 234 2721 quidve
253 2653 292 2707 H.
354 2653 520 2707 aserebant
539 2673 569 2708 ω.
596 2653 788 2706 referebantur
806 2653 845 2708 H.
905 2653 1087 2722 epositoque
1106 2654 1146 2711 Η.

132 2725 210 2778 cultu
228 2741 278 2779 om.
299 2724 368 2779 a.V.
409 2726 538 2778 acastre
557 2723 616 2778 eius
632 2722 706 2779 ΘΗ.
734 2724 882 2778 castellum
902 2744 931 2778 ω.
964 2724 1008 2796 ut]
1028 2724 1145 2792 quasiO.

131 2811 180 2851 om.
201 2794 232 2850 V.
260 2794 370 2850 etvini
389 2794 528 2850 etoarnis
547 2794 663 2861 quidam
684 2799 794 2863 emptor
812 2795 851 2849 H.
925 2800 941 2849 9
961 2795 1096 2850 deludens
1118 2796 1145 2852 0.

132 2871 164 2920 11
183 2866 249 2936 igne
268 2864 401 2920 calefacit
420 2866 449 2920 0.
478 2866 607 2920 caleficat
625 2865 664 2919 Η.
727 2871 761 2920 1-3
780 2865 899 2935 utquid
917 2865 947 2920 0.
977 2869 1010 2920 ut
1028 2883 1079 2923 om.
1097 2875 1145 2923 eet.

131 2939 165 3004 ef.
185 2937 315 3004 Wolffliu
333 2935 416 2992 Asela
432 2936 490 2993 IV.
506 2954 536 3005 p.
552 2941 615 2992 617.
658 2940 691 2990 16
712 2937 943 2992 Cum—audisset
961 2953 1011 2992 om.
1031 2937 1145 2994 u.V.H.

132 3013 165 3063 18
185 3007 208 3061 si
222 3023 272 3062 om.
289 3007 401 3064 u.l⁷.H.
431 3007 583 3062 astom.L.
622 3013 654 3061 19
669 3006 825 3062 iuratusH.
863 3014 896 3062 23
911 3008 1103 3078 inclytamque
1113 3008 1145 3065 V.

131 3084 166 3134 24
184 3077 327 3132 miraturis
346 3078 425 3134 Edit.
443 3079 534 3133 Bassi.
566 3077 665 3133 mirari
684 3077 768 3134 Oodd.
795 3082 828 3133 ut
846 3078 1145 3148 superbiam-mira

132 3149 200 3204 reris
219 3149 258 3204 H.
296 3147 426 3218 Epistola
439 3149 504 3203 Pori
518 3149 554 3203 ad
568 3148 772 3204 Alexandrum
790 3150 849 3203 Rex
868 3149 964 3206 Indiae
979 3149 1067 3204 Porus
1080 3149 1143 3204 Ale

131 3220 245 3275 xandro.
283 3221 403 3274 Miratur
415 3220 566 3289 prudentia
578 3223 682 3288 nostra,
702 3221 777 3288 quod
790 3221 905 3276 Perside
920 3222 1030 3275 calcata
1043 3221 1146 3274 Porum

132 3291 289 3349 Alexander
306 3290 421 3346 iuvenes
440 3293 470 3360 (l)
490 3308 574 3346 senex
593 3297 622 3346 et
640 3290 713 3360 regii
732 3291 760 3360 (l.
780 3293 886 3361 regem)
905 3290 1002 3345 Indiae
1017 3291 1145 3346 omnibus

133 3362 239 3417 divitiis
258 3362 423 3432 opulentum
442 3362 527 3416 armis
546 3361 687 3416 munitum
705 3361 789 3416 nimis
808 3363 977 3432 populosum
996 3363 1068 3416 inter
1089 3362 1147 3416 alia

133 3433 231 3486 mundi
248 3449 336 3502 regna
350 3431 606 3486 nominatissimum
625 3435 684 3486 tam
699 3450 786 3502 parva
804 3449 890 3487 manu
904 3432 1040 3502 pertinaci
1059 3437 1146 3486 teme-

133 3501 216 3556 ritate
239 3503 356 3574 aggredi
380 3519 463 3558 ausus
488 3505 533 3560 sis.
575 3503 632 3558 Sed
655 3519 707 3558 nec
731 3503 846 3557 Darium
868 3503 950 3558 nobis
974 3517 1025 3555 nec
1047 3503 1146 3556 Persas

133 3572 208 3628 Indis
231 3575 290 3628 ulla
314 3573 423 3629 ratione
448 3574 671 3644 aequiperandus
695 3574 851 3630 credideris.
894 3574 931 3628 Et
953 3573 1086 3640 quoniam
1110 3573 1145 3624 de
