2648 3924
175 186 238 252 126
590 185 699 241 LIBER
716 185 763 240 III.

173 349 346 414 admodum
369 355 402 414 et
423 349 619 433 inopinabili
646 348 884 434 magnitudine,
908 370 1006 434 quam
1034 350 1184 415 ebdoma-

172 439 286 504 darion
314 443 453 521 vocant,
484 438 563 503 adeo
594 438 746 502 immensi
775 437 919 520 portenti
948 459 1033 522 rem,
1065 443 1103 503 ut
1135 439 1185 504 illi

171 527 326 613 perfacile
356 527 544 593 insistentes
575 527 673 591 etiam
704 547 801 610 snper
830 526 960 590 dorsum
993 527 1184 613 elephantos
1253 543 1261 552 ·

172 636 384 682 cerneremus.
430 614 500 681 Hac
523 615 625 700 igitur
645 614 820 699 spectaculi
838 614 995 680 foeditate
1019 620 1100 681 moti
1122 616 1186 680 iter

144 705 213 769 sad
237 703 424 770 Prasiacam
446 703 650 789 repedemus,
677 725 736 789 per
764 725 845 788 quas
870 702 989 787 ubique
1012 705 1183 769 vastitates

171 793 275 857 multa
306 792 450 859 ferarum
479 793 613 858 nomina
642 792 827 878 multasque
857 792 1016 857 eiusmodi
1045 793 1182 858 saevitu-
1267 861 1272 869 ,

170 882 256 946 dinis
286 882 386 946 facies
420 884 490 946 erat
521 881 643 966 videre,
676 880 876 964 serpentium
906 902 1035 967 quoque
1065 903 1184 968 genera

170 970 386 1054 permiranda.
421 969 495 1036 Illic
513 975 546 1035 et
565 970 644 1034 solis
662 970 820 1053 lunaeque
839 968 982 1035 defectus
1002 970 1181 1035 comminus

171 1059 270 1124 etiam
290 1059 448 1144 speculati
472 1079 583 1122 sumus
607 1061 640 1122 et
662 1079 792 1123 causam
810 1057 926 1123 hiemis
948 1062 981 1123 et
998 1065 1182 1162 temporum

130 1169 157 1210 ιο
172 1146 372 1213 differentias
405 1146 565 1211 arbitrai.
620 1145 691 1222 Quo
723 1146 863 1230 primum
895 1147 1033 1231 reversi,
1064 1152 1102 1213 ut
1133 1146 1182 1210 in·

171 1241 260 1322 spect
262 1259 282 1300 a
306 1240 390 1319 sunt,
412 1257 472 1300 voe
495 1255 622 1336 quoque
644 1235 838 1320 participare
861 1237 1055 1301 curabimus.

261 1322 319 1390 17.
350 1323 446 1389 Nunc
469 1324 555 1388 enim
578 1323 673 1388 nobis
696 1323 760 1388 iter
783 1345 840 1408 per
863 1345 965 1409 regna
988 1324 1080 1390 Darii
1102 1322 1178 1387 Per·
1196 1333 1245 1388 28.

170 1433 286 1515 sasque
304 1417 380 1478 nost
381 1435 435 1479 ros
459 1413 550 1498 agita
550 1415 618 1496 tur3
638 1434 739 1497 quam
762 1434 836 1478 cum
860 1434 988 1478 omnem
1006 1431 1182 1497 peragrare

168 1503 336 1588 regionem
360 1501 449 1567 co'rdi
471 1502 659 1585 habeamus,
681 1501 786 1567 multo
810 1501 930 1587 ubique
954 1522 1033 1566 auro
1057 1500 1180 1566 multis-

130 1609 155 1655 ιι
171 1613 233 1676 que
265 1591 444 1656 crateribus
478 1589 695 1674 abundamus,
729 1611 795 1654 non
827 1589 879 1654 hie
912 1611 952 1654 ex
983 1590 1052 1654 auri
1084 1588 1180 1681 modo

169 1680 308 1750 materia
329 1678 495 1763 pretiosis,
524 1699 636 1743 verum
664 1678 762 1763 longe
790 1678 932 1763 lapidum
957 1678 1028 1743 luce
1051 1671 1181 1744 maiori·

168 1767 238 1838 bus.
284 1765 434 1852 Nequet
435 1788 529 1832 amen
550 1766 646 1831 nobis
673 1766 737 1832 alia
759 1788 885 1853 quoque
913 1767 955 1831 ab
978 1767 1060 1832 hoc
1053 1787 1180 1920 genere

168 1855 384 1924 divitiarum
374 1877 426 1919 1ns
428 1857 593 1920 trumenta
612 1859 689 1919 sunt
706 1856 842 1920 minora.
874 1852 936 1919 Sed
950 1855 1046 1921 hic
1018 1856 1131 1922 errauit
1132 1877 1181 1938 us,

169 1943 207 2007 de
231 1964 297 2027 quc
317 1942 464 2029 dicimus,
489 1964 509 2007 a
531 1943 635 2028 portis
655 1942 784 2027 Caspiis
807 1943 878 2010 lieri
901 1947 996 2027 coept
997 1966 1034 2008 us
981 1943 1178 2009 tlaboris

129 2035 226 2096 aaut
248 2032 338 2096 vitae
365 2031 568 2096 eiuscemodi.
613 2030 679 2096 Ubi
706 2035 822 2097 coenat
823 2054 878 2096 um
906 2033 1026 2096 exercit
1026 2033 1059 2097 ui
1012 2031 1180 2115 t,loret

168 2119 245 2184 stat
236 2142 281 2185 ιιιι
305 2119 435 2205 signum
459 2119 529 2184 dari
552 2121 687 2186 classico
712 2125 745 2186 et
769 2121 810 2185 ad
828 2142 997 2222 vesperam
1018 2120 1094 2185 iniri
1117 2082 1180 2184 irer'

168 2209 355 2294 oportebat,
381 2209 478 2300 idque
500 2209 591 2274 horis
615 2209 716 2276 forme
739 2212 815 2274 noct
817 2210 945 2274 urnist
930 2208 1035 2273 tribus
1059 2208 1221 2294 agitans-

168 2258 375 2383 convenerat,
406 2320 463 2368 sex
490 2319 566 2362 vero
594 2297 765 2382 insequont
751 2297 840 2362 tibus
870 2297 960 2362 horis
989 2319 1104 2363 somno
1131 2298 1179 2361 in-

167 2386 312 2472 dulgere3
336 2408 514 2470 rursusqua
535 2386 618 2450 exim
642 2387 682 2451 ad
704 2388 820 2451 horam
844 2387 908 2452 diei
931 2389 1081 2488 quartam
1104 2386 1178 2451 reli-

128 2494 154 2536 ιι
168 2498 267 2560 quum
299 2475 398 2560 spatii
428 2475 741 2542 transmittebamue.
797 2473 860 2541 Sed
895 2475 981 2540 enim
1013 2475 1178 2540 viantibus
1315 2521 1316 2596 ,

166 2586 231 2629 non
260 2564 397 2649 simplex
424 2563 556 2627 habitus
584 2584 687 2648 neque
715 2563 878 2628 incuriosa
905 2563 1043 2629 munitio
1071 2564 1180 2629 fuerat

165 2652 357 2718 neccssaria.
402 2651 582 2717 Peronibus
611 2651 730 2738 quippe
759 2673 853 2718 crura
880 2652 989 2717 omnia
1016 2653 1177 2737 pedesque

166 2740 283 2803 muniri
321 2744 354 2804 et
388 2739 599 2806 femoralibus
638 2740 687 2804 uti
725 2741 853 2826 pollinis
891 2741 1064 2824 oportebat
1102 2739 1176 2805 reli·

167 2849 328 2912 quumque
361 2850 477 2913 eorpus
510 2828 634 2920 ambire
666 2829 793 2910 loricis,
829 2827 914 2913 quod
950 2829 1027 2894 illae
1065 2849 1176 2894 omnes

257 3055 509 3138 lebdomadarion
530 3055 563 3110 P.
592 3055 774 3110 ebdomarion
792 3056 828 3110 A.
879 3054 1036 3111 tininensi
1053 3053 1177 3124 portenti

165 3144 223 3182 rem
242 3127 275 3182 P.
304 3126 394 3180 mensi
412 3143 448 3196 po
450 3125 598 3180 tentiarem
616 3128 652 3181 A.
699 3127 788 3181 4hac
805 3128 841 3181 A.
870 3129 922 3182 hee
942 3127 973 3182 P.
1024 3124 1176 3206 brepada·

164 3216 225 3252 mus
244 3199 280 3252 A.
322 3196 510 3252 brevitudini
523 3197 556 3253 P
594 3203 744 3252 scansam
760 3199 793 3253 P.
817 3213 917 3254 causas
935 3199 971 3254 A.
1015 3203 1046 3250 11
1068 3194 1176 3250 curabi-

164 3287 225 3324 mus
243 3271 354 3394 Sitillia
374 3267 590 3394 ιιιιιιιγιιι]ΒΡΛ.1
600 3269 642 3394 lb
661 3355 729 3393 auro
749 3339 785 3392 A.
824 3343 857 3392 18
876 3339 923 3393 hio
941 3338 1042 3393 circuit
1059 3338 1096 3391 A.
1122 3338 1176 3392 heo

165 3408 297 3463 circuitus
316 3411 348 3464 P.
427 3415 460 3464 19
480 3424 534 3476 quo
553 3411 635 3479 eptus
653 3409 766 3464 laboras
785 3412 835 3463 aut
852 3409 930 3464 vitae
949 3407 1121 3464 eiuscemodi
1139 3409 1176 3461 A.

165 3479 261 3558 ceptus
280 3479 385 3535 laboris
403 3483 453 3535 aut
469 3480 529 3534 vite
547 3479 740 3536 huiuscemodi
754 3480 786 3534 P.
823 3485 857 3533 23
876 3479 1088 3550 insequentibus
1102 3478 1175 3533 Mai

164 3547 337 3614 insequentis
355 3551 391 3604 A
399 3551 433 3604 P.
