2646 3934
259 246 437 304 EPISTOLA
455 246 670 302 ALEXANDRI
689 246 738 301 AD
756 245 1025 304 ARISTOTELEM.
1081 247 1146 312 213

134 413 210 497 igne
237 410 289 474 uri
316 413 374 474 aut
400 410 503 474 ullum
535 411 655 476 animal
684 410 832 475 interfici.
882 409 945 476 Sed
975 412 1147 496 praecepit,

135 504 171 565 01
193 499 384 584 provolutus
409 499 561 565 arborum
584 499 707 564 truncis
735 499 847 564 oscula
870 499 980 564 darem
1006 522 1146 565 orarem-

137 611 198 673 que
229 587 338 653 Solem
368 591 402 651 et
430 587 574 671 Lunam,
603 590 641 652 01
671 586 813 652 veridica
842 587 923 652 mihi
954 588 1069 653 darent
1097 611 1146 653 10-

137 699 262 761 sponsa.
301 674 395 751 Quod
413 696 474 760 ego
493 698 567 742 cum
585 677 729 741 facturus
749 698 862 755 essem,
880 674 1147 760 interrogandum

18 759 30 778 ‘⁴
135 770 246 831 tamen
270 765 471 830 sacerdotem
490 765 685 849 existimavi,
707 769 815 830 utrum
834 765 944 829 Indice
964 786 1005 828 an
1025 764 1175 830 Graecas

135 855 215 919 mihi
239 856 349 919 essent
368 854 500 919 arbores
520 876 741 939 responsurae.
783 852 866 918 Tum
889 854 945 918 ille
969 851 1147 936 ‘Utraque'

135 943 251 1028 inquit,
274 940 377 1006 ‘Solis
402 942 541 1008 elocutio
564 942 678 1029 lingua
701 943 892 1028 pronuntiat
914 941 1035 1026 futura,
1057 941 1149 1006 Luna

137 1031 260 1097 Graeco
286 1053 434 1097 sermone
457 1031 583 1116 incipit,
605 1030 717 1096 Indico
740 1029 833 1096 finit?

225 1120 312 1184 Dum
340 1141 378 1184 ea
406 1124 575 1204 geruntur,
605 1121 744 1185 vidimus
775 1120 815 1185 ab
847 1120 1010 1184 occidente
1036 1119 1149 1183 iubare

136 1208 337 1294 fulgentibus
360 1207 486 1273 Phoebi
508 1208 608 1273 radiis
632 1230 783 1292 percussa
806 1209 959 1274 arborum
983 1207 1149 1272 cacumina
1164 1231 1189 1271 10

138 1301 170 1361 01
190 1297 339 1362 sacerdos
359 1297 417 1362 ait:
437 1294 604 1381 ‘Sursum'
623 1297 738 1381 inquit,
758 1296 882 1361 ‘omnes
896 1297 1032 1362 tuemini
1051 1300 1092 1379 et,
1110 1295 1151 1360 de

137 1385 255 1469 quibus
279 1384 376 1450 rebus
400 1385 536 1469 quisque
559 1385 768 1450 consulturus
792 1391 853 1467 est,
880 1387 1004 1450 occulte
1027 1384 1152 1468 cogitet

138 1474 277 1558 silentio,
300 1495 396 1538 nemo
420 1474 528 1558 palam
551 1471 760 1558 pronuntiet?
807 1473 889 1537 Tum
914 1495 974 1558 ego
999 1477 1031 1537 et
1054 1473 1151 1538 amici

138 1566 171 1628 et
199 1563 467 1628 commilitatores
497 1562 678 1627 accuratius
707 1584 817 1626 sumus
844 1561 968 1640 intuiti,
996 1582 1037 1624 ne
1065 1562 1151 1624 inter

136 1672 307 1715 nemorum
331 1650 525 1715 densitatem
552 1651 662 1734 aliqua
690 1649 724 1714 in
751 1672 875 1715 morem
898 1649 1066 1715 hominurn
1089 1671 1149 1713 nos
1165 1672 1190 1714 15

137 1737 289 1804 illuderet
314 1739 454 1803 falsitas.
499 1739 577 1803 Mox
604 1739 839 1804 interveniente
866 1738 957 1803 nullo
988 1737 1048 1802 tali
1076 1737 1150 1802 dolo

138 1849 240 1912 usque
258 1827 298 1890 ad
315 1827 483 1892 cacumina
501 1849 674 1911 ramosque
693 1828 916 1911 perspeximus
936 1831 969 1892 01
988 1826 1151 1892 stantibus

138 1916 233 1981 nobis
266 1917 445 1982 comminus
478 1916 587 1980 divina
620 1915 752 1981 auribus
786 1937 979 2000 occupamus
1012 1916 1151 1979 oracula.

139 2002 350 2089 Cogitabam,
393 2005 420 2069 si
461 2004 586 2071 devicto
629 2005 707 2070 orbe
744 2008 905 2070 terrarum
940 2005 975 2068 in
1010 2005 1151 2087 patriam

137 2094 342 2178 triumphans
371 2093 411 2157 ad
434 2092 660 2178 Olympiadem
688 2097 826 2158 matrem
848 2113 1039 2176 sororesque
1062 2113 1191 2156 measse

138 2182 323 2246 carissimas
358 2181 477 2247 reverti
511 2203 657 2266 possem,
692 2203 765 2246 00111
801 2181 909 2246 subito
941 2180 1052 2244 Indico
1088 2203 1151 2245 ser·

139 2290 233 2333 mone
257 2270 447 2334 tenuissime
470 2271 639 2354 respondit
663 2270 772 2334 arbor:
799 2267 934 2333 ‘Invicta
957 2268 1054 2332 bellis
1078 2267 1152 2332 Ale-

138 2357 273 2441 xander,
302 2361 339 2421 ut
366 2357 572 2440 consuluisti,
600 2379 683 2422 unus
713 2359 776 2421 eris
805 2357 954 2422 dominus
978 2355 1066 2420 orbis
1090 2360 1152 2422 101-

138 2467 262 2529 rarum,
290 2445 346 2509 sed
369 2445 462 2509 vivus
487 2445 625 2529 amplius
653 2445 687 2509 in
715 2445 857 2530 petriam
884 2466 951 2509 non
972 2445 1153 2528 reverteris,

139 2533 293 2618 quoniam
311 2534 381 2597 fata
404 2537 462 2597 tua
484 2533 531 2597 ita
554 2535 593 2598 de
617 2534 721 2617 capite
745 2538 802 2599 tuo
823 2531 1027 2598 statuerunt?
1069 2533 1152 2596 Tum
1166 2554 1193 2596 10

133 2642 200 2705 ego
236 2623 401 2687 oraculum
436 2643 509 2686 00111
540 2622 726 2708 ignorarem
761 2623 900 2709 qualiter
934 2624 1020 2686 esset
1053 2620 1151 2686 Indus

138 2711 426 2794 interpretaturus,
467 2711 547 2776 ulios
586 2731 702 2776 11001111
738 2712 916 2792 interpretes
952 2711 1152 2790 adducerom,

139 2820 220 2883 quos
250 2817 319 2885 ego'
338 2799 461 2882 partim
485 2800 686 2882 muneribus,
714 2799 835 2883 partim
859 2799 969 2884 minis,
996 2803 1033 2863 ut
1056 2821 1153 2884 quae-

139 2910 265 2972 cunque
301 2887 433 2953 arbores
469 2888 612 2953 dicerent
643 2888 823 2953 indicarent
858 2888 959 2973 coegi.
1013 2887 1084 2964 Qua
1118 2910 1154 2952 re

230 3049 243 3097 1
264 3043 410 3113 praecepit
427 3047 460 3099 01
478 3060 528 3100 orn.
548 3045 587 3101 H.
678 3051 693 3098 2
713 3044 877 3115 provolutus
897 3044 964 3100 (tV.
991 3044 1104 3100 volutus
1123 3065 1153 3100 ω.

139 3115 253 3170 volutos
273 3114 311 3169 H.
345 3113 412 3170 dare
432 3131 568 3183 orareque
587 3116 625 3170 H.
673 3115 988 3170 5011011100111001.
1040 3120 1072 3168 11
1091 3118 1153 3170 tue-

139 3185 209 3240 mini
219 3185 253 3240 L.
262 3185 295 3241 G.
304 3186 346 3239 M.
365 3185 514 3240 intuemini
528 3192 574 3242 001.
618 3192 652 3241 14
671 3185 877 3242 commilitones
886 3186 926 3240 H.
958 3186 1005 3256 110]
1027 3202 1110 3240 nemo
1119 3187 1153 3242 L.

141 3261 174 3310 15
200 3256 296 3324 aliqua
318 3257 348 3310 in
370 3272 476 3311 morem
499 3257 560 3328 010]
579 3257 675 3326 aliqua
698 3257 824 3312 seductio
847 3257 877 3311 in
900 3273 1007 3310 morem
1029 3257 1154 3311 veterem

140 3327 225 3381 docta
243 3343 294 3381 nos
312 3326 457 3381 hominum
477 3326 581 3396 aliquis
601 3327 735 3383 eluderet.
763 3329 828 3382 Mox
846 3327 886 3383 H.
959 3328 1154 3396 1701000011-

140 3415 202 3451 mus
222 3398 251 3452 0.
282 3396 357 3452 010.
378 3415 428 3453 0111.
447 3404 494 3454 001.
549 3405 582 3454 18
602 3398 776 3470 1111100010]
796 3397 906 3454 divinas
926 3413 1006 3452 aures
1025 3397 1154 3467 precibus

142 3467 355 3524 sollicitavimus
371 3469 401 3524 V.
477 3475 510 3523 19
530 3467 592 3523 orbi
610 3470 645 3525 L.
715 3475 749 3524 2‘1
770 3469 840 3524 alios
859 3485 968 3522 mecum
985 3467 1155 3536 interpretes

143 3537 314 3595 adduxeram
328 3540 406 3596 Edit.
417 3541 523 3605 Basil.;
542 3557 593 3596 om.
607 3542 683 3596 codd.
722 3546 756 3595 28
771 3556 840 3607 quos
854 3538 927 3594 G.B.
936 3539 978 3593 M.
986 3538 1017 3594 V.
1037 3555 1107 3606 quas
1118 3538 1154 3592 L.

140 3607 193 3664 hos
214 3608 242 3664 0.
274 3611 307 3663 ut
324 3626 374 3666 om.
394 3610 425 3666 V.
498 3617 532 3666 29
550 3610 676 3666 indicare
695 3611 763 3666 eaV.
