2654 3926
140 193 182 258 10
528 151 531 156 ¹
571 191 680 248 urana
698 193 718 246 r.

139 355 200 439 ait,
230 353 353 438 ‘patuit
380 375 456 419 varo
485 357 676 439 argumento
706 354 808 422 divini
837 354 922 420 circa
949 358 981 420 te
1010 357 1151 421 numinis

139 443 254 508 cultus.
300 441 450 508 Vidimus
474 443 560 508 enim
584 443 679 508 deum
702 443 915 508 auxiliantem
941 444 1001 509 tibi
1024 445 1151 528 pericli-

138 531 233 616 tanti,
256 531 403 616 quamvis
426 531 498 616 quis
521 531 549 596 is
574 531 618 596 sit
640 531 798 614 nesciam,
824 532 943 617 quippe
967 533 1017 597 vel
1040 531 1152 598 Iovem

139 621 250 685 eredas
275 641 313 683 ex
333 619 442 705 aquila
461 620 512 684 vel
531 621 725 684 Ammonem
749 641 787 684 ex
807 619 966 685 dracone?
1008 622 1064 686 Aa
1080 621 1152 686 baec

113 709 268 775 amare:
298 705 494 774 ‘Ammonem
520 728 552 773 se
578 709 700 790 quidem
716 707 876 790 professus
903 713 959 788 est,
987 710 1061 774 dam
1083 710 1152 792 pri·

138 817 225 862 mam
252 817 369 864 meeum
391 797 550 862 convenire
571 797 717 880 abactae
745 801 800 882 ese,
828 797 941 862 scitica
962 797 1080 882 Lebyae
1101 799 1151 863 de-

31 908 36 912 ’
138 887 259 951 minum
281 883 462 951 univerae?
615 907 617 911 ·

229 971 262 1039 5.
285 973 462 1038 Enimvero
480 993 604 1056 pavens
623 994 695 1036 cum
719 972 754 1037 in
773 973 912 1056 quadam
930 973 1039 1060 regiae
1057 977 1151 1058 parte
1169 992 1217 1052 xr,
1301 979 1315 1042 d

138 1061 310 1148 Philippus
334 1061 510 1139 sessiteret,
533 1061 567 1124 in
586 1083 649 1145 qua
673 1083 748 1126 ares
767 1061 925 1146 plurimae
945 1061 1152 1127 circumerra-

100 1169 125 1210 10
140 1156 220 1230 rent,
234 1151 326 1234 isque
339 1149 484 1214 intentus
499 1149 595 1213 rebus
611 1149 745 1233 agendis
760 1149 904 1215 animum
918 1150 1151 1234 occupavisset,

52 1291 55 1298 .
138 1243 270 1322 repente
286 1238 412 1323 gallina
426 1237 633 1321 supersiliens
654 1238 721 1303 eius
741 1238 775 1302 in
794 1238 901 1304 sinum
915 1238 1150 1323 considensqus

138 1328 233 1391 enixa
256 1331 307 1391 est
330 1347 436 1391 ovum.
484 1323 546 1391 Sed
575 1348 672 1391 ovum
694 1326 774 1391 illud
798 1328 961 1392 evolutum
985 1327 1058 1392 sinu
1083 1327 1150 1391 eius

138 1414 228 1479 humi
252 1418 438 1499 concrepat,
466 1414 621 1500 cuiusque
648 1416 770 1480 testula
798 1415 992 1480 dissultante
1017 1414 1150 1479 dracun-

138 1504 239 1588 culus,
261 1507 299 1568 ut
317 1506 394 1588 pote
417 1505 541 1568 tantilli
565 1505 729 1570 conclavis
749 1504 924 1589 pertenuis,
948 1501 1057 1587 egredi
1076 1502 1150 1566 visi·
1216 1563 1220 1569 .

99 1610 124 1652 15
138 1594 201 1676 tur,
220 1593 311 1677 isque
326 1614 422 1676 saepe
437 1593 692 1658 circumcursans
712 1595 745 1655 et
763 1593 909 1656 ambiens
929 1592 982 1657 ovi
996 1590 1149 1655 testulam

136 1681 221 1745 velle
241 1702 275 1745 se
293 1703 405 1746 rursus
425 1702 472 1764 ee,
492 1680 576 1745 unde
595 1681 779 1762 emerserat,
797 1679 948 1764 condere;
972 1679 1027 1746 sed
1046 1678 1151 1763 prius-

58 1765 59 1769 ’
112 1785 114 1788 ·
138 1791 235 1852 quam
253 1770 398 1852 cupitum
417 1771 538 1851 ageret,
562 1770 666 1830 morte
684 1769 880 1850 praeventus
900 1773 958 1831 est.
1000 1767 1050 1832 Ea
1068 1767 1150 1833 visio

137 1878 204 1921 non
223 1877 358 1938 parvum
382 1855 568 1938 scrupulum
587 1853 740 1938 Philippo
764 1853 799 1916 in
823 1853 966 1918 animum
987 1855 1150 1922 iniecerat.

137 1944 206 2007 Rex
228 1943 366 2026 denique
390 1942 640 2025 Antiphontem,
669 1942 724 2025 qui
747 1941 912 2006 coniector
939 1941 971 2004 id
994 1943 1149 2024 temporis

98 2051 123 2090 20
139 2031 288 2115 egregius
312 2030 507 2116 habebatur,
536 2028 684 2093 arcessiri
712 2029 802 2093 iubet
830 2029 921 2112 eique
950 2029 1054 2112 aperit
1081 2050 1150 2095 rem

138 2119 320 2184 visitatam:
350 2117 523 2203 gallinam,
554 2137 665 2201 ovum,
697 2117 942 2201 dracunculum,
970 2118 1150 2202 circuitum,

139 2212 276 2273 mortem
291 2207 488 2272 dracunculi.
519 2204 581 2270 Sed
596 2205 682 2269 enim
697 2204 845 2290 Antipho
860 2206 900 2270 ad
914 2207 1150 2271 incrementum

137 2296 274 2380 peritiae
305 2316 381 2361 suae
411 2294 463 2359 dei
496 2293 692 2360 adminiculo
726 2294 902 2379 inspiratus
935 2295 1008 2362 infit
1039 2317 1150 2382 regem

138 2385 265 2451 docerer
285 2384 387 2448 filium
406 2405 481 2449 mox
501 2383 530 2446 ei
548 2382 626 2465 fore,
646 2382 701 2466 qui
721 2404 849 2448 omnem
869 2384 1025 2449 mundum
1045 2385 1151 2451 obiret

98 2491 124 2532 25
139 2494 330 2559 omnemque
349 2493 426 2538 suae
445 2470 565 2538 dicioni
584 2471 785 2556 subiugaret3
804 2472 889 2537 hunc
903 2474 1150 2556 postambitum

138 2563 294 2627 mundani
321 2561 460 2644 laboris,
490 2560 621 2625 domum
651 2559 718 2624 iam
748 2581 781 2624 se
809 2564 1004 2645 vertentem,
1034 2584 1150 2628 occasu

138 2651 236 2716 celeri
254 2651 443 2733 periturum.
486 2649 604 2714 ‘Draco
629 2645 769 2732 quippe,'
793 2649 848 2732 ait,
872 2649 934 2714 ‘est
952 2650 1061 2733 regale
1081 2649 1149 2714 ani-

138 2739 212 2803 mal.
250 2736 356 2803 Ovum
379 2759 455 2803 vero
479 2737 584 2802 forma
607 2736 781 2800 mundialis
805 2736 874 2817 est?
913 2736 965 2800 Ex
989 2758 1149 2822 quo-cum

138 2826 236 2892 draco
256 2827 400 2910 erupisse
416 2825 573 2907 videatur,
591 2828 666 2908 post
685 2845 813 2889 omnem
831 2826 1041 2890 rotunditatis
1060 2825 1147 2890 illius

68 2989 83 3006 ·
99 2933 125 2974 ao
140 2915 299 2980 ambitum
322 2913 475 2979 circuisse
504 2917 601 2997 atque
624 2912 750 2997 ingredi
774 2934 827 2996 eo,
853 2913 937 2978 unde
961 2917 1068 2977 ortum
1090 2913 1146 2977 ha-

46 3035 48 3040 ·
138 3005 262 3088 buerat,
281 3001 451 3087 cupivisse,
469 3002 558 3085 prius
574 2999 702 3084 quidem
722 3005 896 3085 mortuum,
915 3023 1011 3085 quam
1030 3000 1063 3065 id
1078 3001 1147 3065 fieri

230 3196 429 3264 largumento
448 3193 505 3248 eod.
523 3191 609 3248 exoa.
642 3192 837 3261 argumentum
848 3192 880 3246 P.
913 3191 1035 3246 numinis
1053 3207 1103 3247 om.
1114 3191 1147 3245 P.

138 3267 229 3337 suppl.
248 3283 281 3322 ea
300 3266 357 3320 eod.
379 3264 466 3320 Osca.
540 3268 557 3316 4
576 3262 748 3332 Responsum
768 3262 939 3334 Olympiadis
957 3265 989 3318 ia
1007 3264 1097 3320 codice
1116 3262 1147 3318 P.

139 3340 266 3392 omissam
288 3353 322 3390 ere
340 3337 458 3404 epitoma
475 3335 614 3404 suppleam
636 3335 668 3386 in
686 3339 712 3388 Τ.
729 3334 816 3402 plura
835 3335 1060 3402 continebantur,
1080 3350 1150 3404 qaue

138 3413 229 3464 tamea
248 3408 301 3476 leui
319 3408 375 3460 ium
393 3423 450 3460 aen
464 3409 581 3474 pessunt
601 3406 709 3472 (desunt
726 3410 780 3459 tres
797 3407 908 3470 casua).

228 3480 257 3533 b.
288 3482 320 3531 14
339 3477 480 3531 conclavis
499 3475 555 3530 Mr.
584 3473 713 3530 conclavi
732 3475 764 3531 P.
793 3475 924 3542 conglevi
942 3481 970 3530 τ.
1036 3481 1068 3530 18
1087 3492 1149 3545 par·

139 3567 206 3604 vum
224 3548 256 3602 P.
285 3563 383 3616 parum
401 3553 427 3599 Τ.
502 3549 535 3600 26
556 3563 621 3601 suae
641 3562 691 3602 om.
715 3545 747 3600 P.
781 3543 899 3600 dictioni
916 3552 945 3602 τ.
