2646 3934
163 201 229 266 202
283 201 462 258 EPISTOLA
480 202 697 257 ALEXANDRI
716 201 766 256 AD
785 201 1051 259 ARISTOTELEM.

163 386 239 449 gere
266 387 370 450 neque
399 366 529 450 abigere
558 366 627 430 ausi
655 365 834 450 fueramus,
865 387 938 430 cum
966 366 1094 432 siccatis
1121 389 1178 432 un·

164 454 280 538 guibus
303 454 341 518 de
361 458 535 538 conspectu
554 458 669 519 nostro
689 455 806 519 abiere.
843 454 933 519 Tune
952 475 1013 540 ego
1032 456 1178 520 locorum

163 544 447 621 demonstratores,
467 544 522 627 qui
540 565 600 608 nos
618 565 745 626 semper
763 544 797 606 in
816 544 950 608 insidias
965 543 1176 628 deducebant,

163 633 303 716 pessime
327 633 462 697 meritos
482 631 674 717 crurifragio
693 631 802 714 puniri
824 632 914 714 iussi,
938 635 975 696 ut
997 636 1091 698 nocte
1111 633 1178 699 vivi

129 741 143 782 e
166 721 389 804 spirantesque
409 743 428 785 a
448 721 650 805 serpentibus
670 723 946 804 consumerentur,
970 724 1007 786 ut
1025 743 1085 786 nos
1105 743 1177 786 con-

162 809 246 873 sumi
265 810 444 876 voluerant.
478 809 594 874 Manus
614 831 742 894 quoque
761 810 809 874 eis
829 809 990 894 confringi
1008 809 1176 895 imperavi,

161 901 199 960 ut
222 899 339 962 merita
362 919 421 982 pro
445 897 541 963 factis
565 899 631 963 suis
655 899 785 964 luerent
809 897 977 983 supplicia.

251 985 375 1050 Habita
398 987 512 1051 deinde
536 987 702 1070 contione,
730 991 767 1050 ut
794 987 895 1052 fortes
924 989 1034 1050 essent
1057 987 1176 1052 milites

162 1095 241 1139 neve
270 1075 415 1140 adversis
444 1079 481 1140 ut
505 1075 644 1139 feminae
667 1075 797 1140 casibus
822 1075 1040 1159 afficerentur,
1066 1082 1177 1141 castra

122 1183 147 1223 ro
162 1168 319 1228 concentu
356 1164 490 1228 bucinae
527 1169 659 1247 repente
695 1165 776 1229 iussi
806 1165 966 1248 proficisci
1000 1164 1040 1228 ad
1070 1163 1173 1229 Nothi

161 1253 252 1316 venti
284 1253 450 1336 spiracula*
477 1253 622 1317 tendens.
677 1252 745 1319 Ubi
780 1253 924 1318 collectis
962 1253 1173 1319 barbarorum

160 1337 378 1424 Indorumque
398 1341 520 1416 viribus
543 1341 641 1407 bootes
658 1363 744 1407 nova
763 1343 989 1425 conspirantes
1013 1341 1101 1406 bella
1124 1363 1175 1406 oo·

163 1429 342 1512 gnovimus.
388 1430 434 1494 Et
463 1430 622 1496 militibus
646 1430 774 1516 quidem
803 1431 884 1495 meis
909 1431 1059 1515 ingentes
1084 1433 1177 1495 erant

163 1517 281 1602 animi,
313 1519 429 1602 quibus
460 1523 494 1583 et
520 1541 633 1584 census
662 1523 695 1583 et
722 1520 858 1584 victoria
885 1518 1114 1602 suppeditabat
1143 1524 1176 1584 et
1244 1567 1247 1572 ι

124 1627 149 1666 15
164 1607 333 1673 felicitas(
367 1606 502 1672 Relictis
540 1629 616 1691 ergo
653 1609 844 1692 periculosis
881 1609 1058 1692 invisisque
1095 1608 1175 1672 locis
1313 1602 1314 1612 ¹

161 1696 319 1760 montium
359 1697 413 1761 vix
448 1696 581 1761 tandem
622 1697 685 1759 iter
722 1697 918 1761 calcavimus
962 1699 995 1759 et
1031 1697 1064 1760 in
1101 1696 1173 1760 loca

160 1781 408 1849 Bactrianorum
442 1805 521 1848 auro
556 1784 740 1868 divitiisque
772 1786 927 1868 opulenta
958 1785 1174 1869 pervenimus.

160 1869 402 1955 Beniguiusque
426 1872 550 1956 accepti
574 1895 593 1936 a
617 1874 884 1956 commeantibus,
907 1871 981 1938 oum
1000 1872 1175 1937 Persarum

159 1959 299 2022 confinia
322 1959 507 2024 adiacerent
532 1960 618 2045 agri,
643 1960 679 2024 in
707 1963 931 2044 praeparando
956 1962 1041 2026 bello
1066 1965 1175 2026 eastra

120 2068 147 2108 ro
161 2067 220 2129 per
242 2047 311 2111 dies
334 2049 470 2132 triginta
493 2049 595 2114 statui
618 2049 687 2113 otio
710 2051 806 2115 facte.
852 2049 929 2114 Mox
953 2050 1078 2114 dierum
1102 2072 1172 2134 sep-

159 2142 226 2199 tem
249 2136 365 2200 itinere
391 2137 538 2203 confecto
566 2138 773 2223 pervenimus
804 2161 855 2222 eo,
884 2139 941 2203 ubi
969 2137 1072 2203 Porus
1099 2159 1172 2203 cum

160 2225 298 2290 collecto
323 2227 512 2292 consederat
535 2227 692 2310 exercitu,
718 2229 822 2312 magis
850 2227 982 2312 propria
1009 2227 1173 2292 deditione

43 2381 47 2401 ,
159 2336 256 2398 quam
279 2315 413 2398 proelio.
460 2314 545 2380 Nam
571 2323 603 2380 et
626 2319 824 2381 commeatus
852 2317 946 2382 nobis
969 2318 1078 2400 palam
1105 2337 1173 2381 non

158 2405 195 2466 ut
218 2403 323 2468 hostis
352 2403 441 2470 dedit
467 2408 664 2489 potestatem
692 2406 885 2489 cupiensque
913 2426 965 2470 me
992 2426 1088 2470 nosse
1113 2405 1173 2488 [et]

65 2601 67 2605 ¹
157 2595 225 2646 gare
244 2595 294 2633 om.
314 2577 343 2632 V.
372 2593 463 2647 neque
482 2579 597 2644 abigere
615 2595 665 2634 om.
685 2579 723 2634 H.
776 2578 885 2651 lcum]
907 2579 1024 2632 cunctae
1042 2596 1110 2634 vero
1129 2580 1169 2634 H.

156 2649 217 2701 tum
232 2648 264 2702 V.
299 2649 428 2704 2abiere
444 2649 603 2707 G.H.V.P.
629 2648 743 2719 abigere
758 2651 792 2702 L.
823 2650 933 2704 abicere
954 2649 1030 2704 cM.
1070 2656 1171 2705 boon-

158 2720 311 2774 sumereH.
350 2725 366 2774 6
381 2720 530 2774 voluerunt
537 2721 571 2774 L.
580 2721 613 2776 G.
622 2721 664 2774 M.
672 2720 711 2774 H.
750 2727 765 2775 7
779 2719 889 2774 luerent
898 2719 926 2776 0.
942 2721 1087 2775 uterentur
1095 2721 1172 2776 o.H.

157 2789 294 2844 haberent
312 2789 344 2844 V.
390 2791 614 2864 taffiecrentur]
635 2790 786 2846 deficerent
805 2791 845 2846 H.
894 2797 926 2846 10
945 2790 1110 2846 bucinarum
1130 2791 1169 2846 H.

156 2859 226 2915 iussi
243 2861 383 2929 proficisci
398 2877 449 2916 ern.
465 2862 580 2916 c.V.H.
618 2867 650 2915 11
670 2861 801 2934 tendens]
821 2863 930 2916 tetendi
944 2862 984 2916 H.
1023 2868 1055 2916 12
1075 2861 1171 2918 hostes

157 2932 264 2986 addidi.
302 2949 320 2985 a
338 2930 578 2986 collectis—viris
593 2949 666 2987 nova
680 2932 835 3003 conspirari
848 2933 924 2988 bella
938 2949 1124 3002 cognoveram
1133 2934 1171 2990 H.

160 3008 191 3056 13
213 3003 325 3074 quidem
344 3018 395 3058 era.
415 3002 528 3060 u.V.H.
587 3009 621 3058 14
640 3021 738 3058 census
757 3001 937 3058 victoriarum
956 3004 995 3060 H.
1052 3010 1085 3059 15
1105 3020 1172 3074 ergo

158 3089 207 3130 erra.
220 3074 295 3128 raH.
304 3074 334 3128 V.
355 3073 597 3143 periculosissimis
606 3075 676 3129 locis
686 3074 725 3129 H.
769 3078 801 3128 16
821 3074 970 3144 montium]
981 3075 1119 3130 munitum
1131 3076 1171 3130 H.

158 3143 278 3199 etGH.
298 3147 386 3200 utcet.
445 3149 477 3199 18
497 3146 606 3215 accepti
616 3167 645 3200 ω.
671 3145 781 3214 excepti
792 3144 866 3201 GH.
893 3145 1085 3200 comeantibus
1097 3147 1171 3202 GH.

159 3215 308 3269 comitibus
328 3215 396 3271 mV.
498 3217 770 3272 recentissimo.
808 3217 932 3271 iacerent
950 3216 1060 3274 L.B.O.
1093 3233 1173 3287 prae·

157 3286 282 3352 parando
303 3286 330 3340 0.
358 3289 514 3356 reparando
533 3286 568 3342 L.
577 3287 692 3344 ΜΗ.
718 3287 888 3356 creperando
907 3287 943 3342 B.
969 3288 1109 3356 crepando
1129 3289 1172 3343 Μ.

157 3359 191 3406 20
211 3354 329 3424 triginta
361 3357 412 3410 XX
422 3357 461 3412 H.
482 3361 601 3430 septem]
622 3360 742 3427 quatuor
751 3359 789 3412 H.
833 3364 866 3412 21
886 3357 1014 3414 confecto
1034 3375 1082 3414 om.
1095 3359 1170 3414 aH.

156 3437 189 3476 eo
209 3440 258 3479 om.
279 3445 309 3477 ω.
350 3470 355 3480 .
395 3433 429 3481 23
449 3429 557 3496 proelio
577 3430 691 3484 studens
713 3430 742 3486 V.
771 3430 901 3498 propriae
920 3428 1058 3484 deditioni
1080 3431 1171 3500 magis

157 3507 241 3611 fflrtn
255 3495 367 3616 parelio
386 3514 416 3550 se
436 3499 633 3554 commissurus
643 3500 682 3555 H.
729 3505 765 3554 24
784 3499 957 3570 cupidusque
968 3500 1042 3555 011.
1072 3505 1102 3555 et
1119 3518 1170 3558 om.

229 3599 235 3611 .
317 3583 344 3618 r...
