2650 3920
472 249 601 305 OBlTUS
619 250 843 310 ALEXANDRI.
1099 257 1161 322 117

150 412 252 494 cadit,
279 411 375 497 idque
399 411 630 478 Macedonibus
655 435 753 498 supra
776 415 897 501 omnia,
920 440 1001 502 quae
1024 424 1164 504 possunt

150 500 183 564 in
210 501 342 586 proeliis
369 501 575 567 incommoda
601 501 717 581 videri,
745 502 911 589 ingratum
938 506 1009 571 fuit.
1055 507 1163 585 Quare

149 590 297 674 neglecto
326 590 415 655 omni
444 590 577 655 omnino
611 613 707 675 opere
734 592 879 657 bellandi
911 615 1029 678 equum
1056 599 1162 662 exani-

149 699 236 742 mem
259 679 329 762 ipse
348 678 450 743 cauda
472 678 634 764 inpactos
654 701 729 744 suas
748 682 888 746 retrahit
911 687 978 748 met
1003 684 1100 769 tque,
1121 708 1162 750 ne

150 766 289 850 spolium
317 767 397 832 illud
424 765 498 831 Indi
521 789 615 832 suum
639 769 774 853 vellent,
803 770 888 854 qudd
912 775 998 836 esset
1020 772 1197 837 Alexan-s

148 856 206 920 dro
230 854 463 940 pudibundum.
509 855 617 941 Atque
644 857 693 922 ita
719 858 858 943 receptis
882 859 949 924 suis
979 863 1012 924 et
1038 861 1163 947 proelio

149 943 306 1009 dissoluto
338 945 457 1030 viginti
484 944 584 1010 ferme
614 946 681 1011 dies
714 946 850 1012 indutiis
884 948 1014 1032 dantur,
1046 949 1163 1033 quibua

147 1033 309 1118 utrimque
352 1033 546 1118 sepeliendis
586 1035 821 1121 exurendisque
866 1035 936 1121 his,
977 1038 1033 1121 qui
1078 1037 1163 1121 apud

149 1122 269 1187 alteros
309 1122 435 1206 proelio
477 1121 651 1189 desiderati
693 1124 841 1208 fuerant,
882 1125 1038 1191 institere.
1099 1125 1162 1192 Sed
1180 1131 1227 1182 12.

147 1210 236 1276 hisce
269 1211 386 1295 quibus
419 1210 485 1275 dixi
522 1211 634 1276 diebus
670 1213 758 1278 haud
793 1214 890 1298 pauci
922 1212 1091 1281 Persarum
1128 1215 1162 1280 in
1177 1229 1203 1268 1⁰

148 1303 257 1384 partes
283 1298 361 1364 Pori
390 1301 530 1364 transire
559 1299 744 1366 Alexandro
774 1303 1017 1369 nuntiabantur.
1068 1303 1162 1381 duod
1181 1301 1227 1357 Ν·

147 1409 220 1453 cum
258 1391 292 1453 et
326 1388 460 1472 impune
496 1388 568 1453 fieri
603 1389 787 1472 pervideret
823 1394 857 1455 et
898 1392 1162 1457 consuetudinem
1254 1456 1260 1463 .

146 1477 233 1543 haud
257 1477 425 1543 commode
449 1477 585 1562 gliscere
609 1477 684 1541 fidei
705 1478 962 1563 negligentibus,
989 1481 1062 1545 iniit
1085 1502 1163 1546 con·

148 1566 272 1650 silium,
301 1566 350 1629 uti
378 1564 497 1630 Porum
525 1566 567 1630 ad
594 1565 777 1631 solitarium
805 1567 876 1650 ipse
903 1568 1063 1652 proelium
1089 1591 1162 1652 pro-

147 1659 292 1738 vocaret,
322 1657 430 1720 cetera
458 1655 568 1720 dicens
599 1675 720 1740 genera
747 1654 891 1720 bellandi
917 1655 1082 1721 fortunam
1111 1679 1161 1722 ex·
1176 1670 1202 1744 3⁶

148 1747 294 1828 spectare
326 1743 436 1826 potius
466 1764 564 1826 quam
593 1745 748 1808 virtutem
777 1747 834 1809 aut
865 1745 1004 1828 gloriam
1036 1746 1162 1810 ducum.

146 1831 324 1896 Enimvero
348 1832 410 1896 sibi
434 1855 499 1898 non
518 1832 660 1897 indidem
679 1833 807 1898 laudem
826 1833 930 1898 videri
948 1835 1161 1919 imperatores

84 1917 87 1922 ’
147 1925 280 2006 captare
310 1921 442 2004 debere,
472 1921 556 1986 unde
586 1921 726 1987 subditis
756 1923 824 1987 suis
853 1923 1030 2007 periculum
1059 1924 1162 1988 fieret.

147 2008 315 2096 Optimum
335 2031 412 2095 ergo
430 2010 619 2096 inutroque
639 2011 816 2076 iudicatum
834 2010 885 2093 iri,
903 2013 932 2076 si
950 2013 1017 2077 suia
1031 2012 1163 2096 ipsimet

147 2099 241 2164 duces
269 2099 421 2164 manibus
451 2100 679 2185 experirentur.
731 2099 825 2176 Quod
857 2101 884 2164 si
913 2100 996 2166 Poro
1027 2100 1160 2182 sederet,
1175 2115 1202 2154 2⁰

145 2187 312 2254 fortunam
345 2187 502 2253 eiusmodi
539 2188 672 2254 minime
705 2193 962 2273 aspernatumm.
1016 2188 1054 2272 Id
1091 2189 1162 2252 bar·

147 2276 245 2340 barus
270 2275 333 2340 sibi
351 2276 466 2341 libenti
486 2277 567 2341 satis
592 2275 700 2341 offerri
724 2277 896 2360 profitetur
920 2277 1161 2362 adquiescitque

146 2363 341 2442 condicioni,
370 2385 468 2448 quam
490 2363 675 2429 Alexander
702 2365 835 2448 fecerat,
863 2365 987 2430 scilicet
1011 2366 1161 2430 aestima·
1237 2372 1239 2377 '

146 2452 238 2517 tione
261 2452 432 2516 barbarica
455 2453 493 2516 de
521 2453 617 2518 modo
641 2474 812 2536 corporum
836 2474 1020 2518 mensuram
1043 2455 1161 2519 virium

148 2539 294 2624 metiens,
313 2561 386 2604 oum
401 2561 435 2604 se
454 2541 691 2626 proceritudine
705 2541 852 2625 corporis
866 2545 900 2607 et
914 2545 1022 2607 cetera
1036 2541 1159 2627 magni·
1175 2556 1201 2596 2⁵

146 2628 270 2693 tudinis
300 2630 516 2714 congruentia
542 2630 640 2714 longe
667 2630 789 2694 distare
817 2631 859 2696 ab
887 2631 1064 2715 exiguitate
1086 2631 1161 2695 Ale-

146 2717 262 2783 xandri
286 2717 477 2802 pervideret,
499 2718 570 2803 ipse
589 2719 730 2803 quinque
752 2718 854 2784 ferme
872 2719 992 2785 cubitis
1011 2720 1160 2803 evectior,

146 2829 219 2872 cum
237 2806 459 2872 Alexandrum
484 2808 540 2891 qui
560 2808 734 2872 visitavere
756 2808 810 2873 vix
833 2808 938 2875 tribus
961 2808 1079 2876 cubitis
1102 2830 1159 2872 nu·

146 2897 368 2960 meravissent.

235 3049 362 3106 uvideri
379 3051 522 3121 ingratum
540 3053 597 3109 luit
615 3054 651 3128 A.
680 3053 804 3109 rediviva
825 3053 859 3108 P.
910 3061 1048 3124 aequum
1067 3055 1161 3109 exani·

145 3139 221 3177 mem
240 3127 288 3179 etc.
307 3123 343 3179 A.
377 3122 520 3192 cumipse
539 3124 697 3180 exanimem
716 3124 835 3180 caudam
855 3125 891 3181 P.
983 3127 1108 3180 ualtero
1127 3126 1177 3180 P..

147 3197 180 3247 10
198 3193 244 3248 his
265 3193 299 3248 P.
338 3199 370 3248 11
390 3193 524 3248 transisse
543 3196 575 3249 P.
619 3200 651 3248 12
670 3195 783 3264 impune
802 3197 838 3250 A.
867 3195 896 3249 in
915 3213 970 3265 pue
989 3197 1022 3252 P.
1066 3203 1099 3252 13
1118 3196 1161 3250 in-

144 3263 181 3318 iit
203 3264 323 3334 Mopse.
352 3262 405 3319 init
423 3265 459 3318 A.
505 3271 538 3319 16
556 3267 651 3336 potius
670 3266 703 3319 P.
732 3266 860 3335 protinus
878 3266 913 3321 A.
961 3272 994 3322 17
1013 3268 1105 3323 videri
1126 3266 1160 3321 P.

145 3333 199 3389 viri
217 3334 254 3389 A.
333 3335 488 3390 redebere
511 3337 616 3391 om.A.
695 3342 727 3390 19
746 3337 902 3392 iudicatum
925 3338 961 3392 iri
984 3337 1086 3394 Haase.
1123 3336 1158 3403 cf.

150 3405 306 3461 Volkmann
331 3407 369 3461 ad
391 3407 461 3460 Itiu.
486 3407 567 3462 Alea.
593 3406 712 3461 XVIII
715 3428 726 3473 ‚·
752 3405 880 3462 iudicant
904 3408 958 3462 viri
982 3410 1018 3463 A.
1027 3409 1060 3463 P.
1092 3406 1159 3476 ipsi-

144 3477 204 3531 met
221 3476 254 3531 P.
280 3475 336 3560 ipsi
355 3476 391 3532 A.
446 3482 480 3532 22
501 3480 530 3532 et
548 3477 702 3602 aopuiescit
720 3477 751 3533 P.
803 3484 838 3532 28
858 3495 942 3547 quam
961 3479 994 3533 P.
1021 3478 1160 3556 quemuA.

143 3551 179 3672 db
197 3549 367 3688 ppocentpte
379 3547 424 3672 11).
452 3548 580 3618 magnitu
601 3549 647 3603 ine
671 3548 837 3618 congruenti
861 3551 896 3604 P.
969 3554 1004 3603 26
1023 3547 1159 3616 exigurta-

157 3620 413 3688 emom.a.).
1201 3639 1254 3655 ··
