2648 3922
527 184 741 241 PRAEFATIO.
1049 184 1141 240 XXIII

132 345 324 429 Alexandri,
347 345 422 409 illos
444 346 478 409 in
501 345 608 411 fronte
631 347 772 430 mutilos,
794 346 855 410 hoo
878 347 913 409 in
934 347 1007 410 fine.
1054 344 1140 410 Olim

133 433 408 516 complectebatur
422 435 496 517 plus
513 434 660 499 undecim
676 435 912 518 quaterniones,
931 455 1066 519 quorum
1086 433 1141 517 qui

132 520 249 604 reliqui
273 525 349 585 sunt
371 543 487 586 novem
501 557 545 568 -
559 545 635 586 nam
658 522 824 604 perierunt
846 523 971 605 primus
995 526 1028 586 et
1050 525 1140 604 quin-

133 614 187 673 tus
219 613 251 672 et
281 631 361 694 quac
391 610 595 674 undecimum
626 610 830 693 excipiebant
859 609 937 675 folia
969 609 1141 674 admodum

133 717 238 778 pauca
261 733 302 744 —
326 699 447 761 iustum
472 700 661 763 undenorum
685 698 836 762 foliorum
858 719 1027 762 numerum
1055 719 1140 762 com·

133 784 239 869 plent,
264 785 331 849 imo
355 786 500 870 margine
525 807 583 850 suo
607 788 741 870 quisque
763 806 897 850 numero
921 785 1055 869 signati,
1078 785 1141 849 nisi

10 953 12 962 Ι
133 873 219 956 quod
249 877 382 956 quartus
410 895 476 938 non
503 878 577 938 octo
606 878 656 938 est
683 874 738 938 sed
765 894 881 938 novem
908 874 1074 955 foliorum,
1103 873 1141 936 de

134 960 293 1024 industria
317 983 336 1026 a
358 960 491 1026 librario
509 962 544 1025 in
564 983 635 1026 eam
654 981 844 1045 compagem
864 965 988 1046 auctus,
1011 964 1048 1025 ut
1065 960 1141 1024 Iulii

135 1048 260 1112 Valerii
288 1048 370 1113 liber
396 1049 519 1131 primus
547 1050 618 1134 ipso
647 1050 870 1133 quaternionis
899 1050 1003 1114 limite
1030 1050 1142 1113 termi-

134 1139 275 1220 naretur,
299 1140 332 1200 et
354 1137 495 1202 decimus
515 1143 637 1220 septem
656 1139 880 1203 tantummodo
898 1137 986 1202 foliis
1005 1142 1143 1221 constat,

135 1227 252 1288 octavo
282 1223 361 1288 folio
391 1226 432 1288 ab
462 1225 534 1308 ipso
567 1226 673 1289 scriba
705 1229 838 1291 resecto.
890 1224 998 1309 Atque
1029 1225 1144 1307 incipit

134 1310 236 1376 Iulius
259 1310 410 1377 Valerius
439 1335 458 1376 a
486 1312 583 1395 primi
610 1312 686 1377 libri
709 1313 817 1378 verbis
845 1316 888 1378 ad
908 1319 1010 1378 uotum
1027 1314 1141 1395 procli-

135 1400 215 1465 vitas
237 1401 302 1482 liot.
348 1401 453 1481 Neque
477 1401 559 1464 euim
581 1401 717 1482 improbo
741 1406 773 1465 et
797 1423 825 1484 q.
851 1424 874 1464 s.
898 1399 943 1486 (p.
962 1398 1087 1486 20,24)
1111 1404 1144 1464 et

135 1489 344 1552 continuatur
366 1488 406 1551 ad
428 1509 529 1572 usque
551 1490 671 1554 codicis
694 1490 847 1572 paginam
870 1487 985 1572 CVIII,
1008 1493 1045 1552 ut
1068 1510 1141 1571 qua·

135 1577 300 1640 terniones
331 1576 565 1658 complectatur
592 1575 771 1657 II-IIII,
798 1575 845 1639 VI
855 1575 1013 1656 -VIIII,
1042 1576 1098 1639 fol.
1122 1577 1143 1639 5

137 1665 228 1746 med,
246 1663 303 1727 ubi
320 1664 418 1727 finem
436 1664 559 1728 faciunt
573 1666 673 1729 verba
685 1666 887 1729 meandum
899 1665 1143 1728 sacratissimum

134 1752 253 1816 tutent.
291 1748 492 1816 EXPLICIT
511 1750 669 1818 OBITVS
686 1751 943 1816 ALEXANDRI
958 1785 966 1799 ·
980 1749 1142 1814 INCIPIT

136 1838 435 1904 ITINERARIVM
458 1837 663 1904 EIVSDEM.
709 1840 861 1924 Sequitur
886 1840 986 1924 igitur
1008 1837 1144 1902 Itinera·

136 1928 220 1991 rium
244 1926 315 1991 etc?
352 1926 541 1992 Addendum
566 1932 616 1992 est
633 1932 760 2013 partem
780 1929 917 1993 alteram
937 1926 1065 2010 codicis,
1089 1927 1144 2010 qui

135 2016 284 2080 continet
308 2015 401 2090 Quat.
416 2014 566 2079 VI-XI
592 2017 632 2080 ab
656 2017 720 2081 alio
743 2016 878 2081 librario
902 2037 939 2079 ac
962 2015 1065 2079 multo
1089 2036 1145 2077 ne-

8 2113 14 2127 *
138 2103 319 2187 glegentius
334 2104 486 2186 scriptam
504 2125 583 2187 esse,
601 2125 698 2189 quam
711 2108 838 2187 partem
852 2105 1003 2188 priorem.
1035 2101 1145 2167 Codex

136 2193 259 2276 partim
286 2191 327 2255 ab
355 2193 427 2275 ipso
456 2191 590 2256 librario
618 2194 702 2257 inter
729 2192 945 2276 scribendum,
974 2191 1093 2275 partim
1125 2212 1144 2253 a

137 2283 318 2344 correctore
337 2280 475 2364 quodam
494 2281 606 2345 eodem
626 2281 753 2345 saeculo
771 2281 919 2364 plurimis
938 2280 1017 2344 locis
1037 2300 1145 2342 emen-

139 2369 234 2432 datus
251 2371 308 2432 est.
342 2366 455 2450 Neque
469 2367 595 2432 videtur
610 2373 772 2433 corrector
787 2369 961 2452 exemplari
975 2366 1016 2431 ad
1030 2367 1145 2431 menda

137 2455 279 2520 tollenda
297 2477 374 2520 usus
398 2477 481 2539 esse;
503 2479 576 2520 nam
602 2457 668 2520 fere
692 2478 819 2540 semper
841 2478 887 2536 ea,
912 2477 992 2539 quae
1015 2477 1074 2539 per
1097 2476 1144 2517 er-

137 2565 244 2608 rorem
272 2547 329 2608 aut
351 2543 507 2608 incuriam
532 2545 658 2608 librarii
680 2545 796 2609 vitiose
820 2544 940 2626 scripta
963 2545 1070 2626 erant,
1097 2543 1146 2606 ita

137 2631 286 2714 mutavIt,
309 2636 346 2695 ut
366 2633 461 2714 longe
486 2632 524 2696 de
549 2633 716 2715 scriptoris
740 2631 847 2696 verbis
871 2631 1057 2695 diseederet.

226 2716 262 2806 3)
282 2716 401 2783 (lodex
420 2719 608 2784 Parisinus
627 2720 698 2786 Lat
713 2719 770 2784 Nr.
779 2720 868 2785 4880
884 2715 960 2804 (P),
984 2723 1079 2782 antea
1097 2718 1144 2782 bi-

137 2806 320 2871 bliothecae
352 2805 570 2891 Oolbertinae,
586 2839 588 2843 ·
602 2809 883 2888 membranaceus,
913 2808 984 2891 fol,
1019 2806 1146 2871 saeculo

136 2892 220 2958 XIII
248 2894 373 2959 duabus
401 2895 558 2959 columnis
586 2897 744 2960 linearum
768 2895 912 2961 55-57
937 2900 1099 2977 exaratus,
1127 2916 1146 2957 a

137 3003 189 3046 me
215 2986 338 3047 aestate
367 2984 444 3048 anni
470 2984 553 3048 1887
579 2984 724 3048 collatus.
770 2981 926 3048 Continet
947 2982 1003 3047 fol.
1020 2983 1148 3046 1-48v

138 3069 303 3152 Orosium3
322 3070 357 3134 in
375 3070 454 3135 folio
474 3068 532 3135 48¹³
546 3071 661 3154 incipit
673 3070 822 3136 Iordanis
838 3071 985 3135 historia.
1012 3069 1145 3145 Quater-

137 3158 254 3223 niones
269 3157 335 3222 VII
357 3162 390 3222 et
405 3157 487 3223 VIII
505 3160 707 3224 continentes
726 3159 782 3224 fol.
797 3160 938 3238 49-64,
963 3159 1018 3241 qui
1038 3158 1148 3221 nescio

137 3267 202 3329 quo
230 3267 307 3310 casu
330 3268 350 3310 a
376 3247 461 3310 libro
493 3247 634 3330 separati
667 3253 755 3331 sunt,
784 3247 976 3312 Letronnius
1005 3246 1147 3328 repperit

136 3333 171 3398 in
199 3334 308 3399 codice
331 3333 468 3401 Parisin.
490 3333 561 3398 Lat.
585 3334 686 3419 5873,
718 3336 774 3399 ubi
798 3336 981 3398 etiamnunc
1008 3336 1148 3396 exstant.

136 3420 265 3488 Desunt
291 3425 402 3486 temen
430 3423 653 3506 quaternionis
682 3423 789 3488 octavi
813 3423 894 3487 folia
920 3422 997 3504 tria,
1026 3421 1149 3485 scilieet

137 3508 217 3576 folia
241 3511 297 3588 61,
317 3512 374 3589 62,
394 3511 450 3590 63,
481 3531 562 3594 quae
590 3510 801 3576 continebant
824 3509 969 3575 Iordanis
992 3509 1091 3573 finem
1116 3511 1149 3572 et
