2622 3932
260 125 437 181 sorssors
455 121 670 177 snnxsnnar
688 121 737 176 sn
755 77 1024 178 narsrorunnn.
1081 122 1146 186 209

123 295 167 354 et
198 292 328 352 antrum
355 286 480 364 Liberi,
510 307 574 368 quo
604 284 728 368 perdidi
755 284 903 349 homines
930 286 1064 369 missos,
1091 285 1147 368 qui

133 376 325 442 dicebantur
355 375 452 438 tertia
479 373 531 438 die
558 373 703 437 febribus
727 373 826 457 mori,
854 373 931 456 quia
959 374 1147 456 speluncam

134 464 186 528 dei
208 462 409 528 introissent.
447 461 540 538 Quod
562 461 663 526 fuisse
687 461 738 525 dei
762 461 969 526 manifestum
988 463 1146 526 mortibus

133 573 245 616 eorum
268 551 488 634 probavimus,
514 550 589 632 quia
611 550 727 614 intrari
749 554 878 632 praeter
900 550 1089 634 religionem
1114 555 1147 614 et

134 641 202 706 sine
226 640 414 704 muneribus
443 661 557 722 specus
584 660 650 703 non
674 641 811 722 poterat.
856 637 962 722 Igitur
987 659 1048 722 ego
1072 659 1172 722 sup-s

129 729 208 813 plcx
232 729 367 792 orabam
390 728 537 807 numina,
565 729 601 791 ut
629 749 680 791 me
708 746 818 812 regem
841 727 942 791 totius
969 728 1059 792 orbis
1081 731 1146 791 ter-

131 839 242 881 rarum
261 838 334 881 cum
354 816 545 880 sublimibus
565 815 732 897 trophaeis
751 815 1009 899 triumphantem
1027 815 1063 878 in
1076 815 1145 881 Ma-

132 905 302 970 cedoniam
326 903 515 988 Olympiadi
543 903 642 968 matri
669 924 759 967 meae
782 905 994 970 remitterent.
1041 903 1146 980 Quam

131 1016 200 1058 rem
232 993 355 1058 frustra
387 1015 438 1058 me
471 996 581 1077 petere
614 993 661 1056 ita
693 993 847 1076 cognovi,
882 993 1037 1076 quoniam
1070 993 1146 1056 dum

133 1082 291 1166 sciscitor,
321 1082 349 1145 si
373 1081 450 1166 quid
473 1081 572 1146 etiam
595 1102 694 1144 unum
717 1078 826 1144 videre
854 1102 984 1164 possem
1012 1081 1146 1164 dignum
1161 1102 1186 1141 ro

133 1169 174 1234 ad
189 1169 437 1235 admirationem
457 1174 512 1234 aut
530 1169 732 1252 memoriam,
752 1169 902 1233 omnibus
916 1169 1006 1234 Indis
1024 1189 1145 1254 negan-

131 1259 219 1323 tibus
243 1280 381 1342 usquam
409 1279 493 1342 esse,
521 1258 638 1322 diverti
662 1260 767 1322 castra
795 1258 829 1321 in
851 1257 1044 1341 Phasiacen,
1073 1280 1145 1322 cum

132 1351 229 1411 antea
252 1344 358 1412 Nothi
382 1347 472 1411 venti
494 1346 590 1410 flatus
615 1368 719 1410 essem
743 1349 880 1410 secutus.

220 1434 371 1522 Dumque
394 1433 428 1498 in
451 1435 564 1499 itinere
587 1434 797 1517 sumpsissem
816 1454 934 1519 agmen
958 1435 1018 1499 sub
1042 1435 1145 1522 signis

132 1523 267 1589 ducente
292 1545 353 1605 me,
377 1523 440 1588 duo
462 1545 554 1588 senes
573 1522 651 1587 facti
675 1526 750 1587 sunt
768 1523 862 1588 nobis
882 1523 1020 1588 obviam.
1058 1523 1145 1599 Quos
1160 1543 1186 1584 15

132 1633 205 1676 cum
233 1613 500 1696 interrogarem,
516 1611 673 1694 numquid
700 1614 835 1675 nossent
862 1611 897 1675 in
927 1611 984 1675 illa
1012 1613 1145 1696 regione

133 1701 268 1784 dignum
292 1699 425 1784 aliquod
449 1701 679 1783 spectaculum,
702 1699 940 1782 responderunt
962 1699 1052 1783 mihi,
1076 1721 1146 1764 esse

132 1789 220 1852 viam
244 1789 354 1853 decem
381 1810 448 1853 non
471 1789 612 1873 amplius
641 1787 778 1872 dierum,
805 1810 864 1872 per
892 1809 989 1872 quam
1016 1789 1145 1872 iniquae

133 1881 243 1940 essent
262 1878 463 1962 aquationes,
486 1877 625 1940 maxime
648 1879 759 1940 tamen
783 1878 810 1940 si
832 1876 910 1941 illuc
934 1899 1006 1941 cum
1029 1878 1145 1942 tantis-

132 1986 194 2050 que
228 1964 468 2048 impedimentis
504 1969 537 2029 et
571 1987 643 2030 oum
678 1965 829 2030 universo
861 1986 996 2050 pergere
1028 1966 1145 2031 vellem
1160 1987 1186 2027 ao

132 2054 283 2118 exercitu.
329 2051 480 2120 (laterum
510 2053 539 2117 si
566 2053 740 2118 comitatus
770 2053 985 2139 quadraginta
1014 2055 1146 2119 milibus

130 2142 300 2206 hominurn
329 2163 562 2226 praeponerem
592 2164 650 2224 per
680 2146 834 2224 angustas
864 2143 995 2206 semitas
1026 2147 1059 2206 et
1088 2166 1146 2227 per

130 2230 275 2295 bestiosa
309 2231 387 2294 satis
421 2231 493 2295 loca
525 2250 674 2315 pergere,
708 2249 804 2312 posse
836 2229 916 2292 mihi
948 2231 1145 2315 contingere,

131 2324 168 2382 ut
200 2319 323 2403 aliquid
355 2318 545 2383 incredibile
577 2317 802 2402 perspicerem.
857 2316 941 2382 Tum
972 2339 1032 2403 ego
1069 2319 1144 2385 ilico

221 2490 366 2562 lperdidi
392 2512 422 2545 ω.
454 2490 568 2561 prodidi
595 2490 624 2546 O.
658 2508 714 2560 qno
739 2491 864 2561 perditos
893 2491 1050 2560 emisimus,
1077 2492 1144 2562 quia
1218 2529 1219 2534 κ

131 2562 424 2630 dicebantur-mori,
444 2562 493 2630 qui
511 2563 549 2616 H.
613 2567 734 2632 bspecu
753 2583 783 2618 ω.
820 2561 910 2632 Igitur
928 2578 981 2634 ego
999 2564 1033 2617 P.
1057 2563 1144 2634 igitur

131 2649 164 2688 eo
184 2634 215 2688 0.
234 2651 284 2688 om.
304 2638 351 2689 cet.
397 2639 430 2687 10
451 2632 549 2704 unum]
568 2633 660 2687 adhuc
678 2633 717 2688 H.
763 2639 795 2687 11
816 2633 1001 2688 admiratione
1020 2636 1069 2689 aut
1086 2651 1144 2688 me-

128 2704 219 2758 moria
231 2705 343 2760 c.V.H.
379 2703 410 2757 id
428 2703 597 2774 negantibus
609 2703 637 2758 0.
683 2709 715 2757 12
735 2719 853 2771 usquam
867 2704 987 2760 (ΗΠ,
1007 2721 1144 2773 nusquam

131 2774 160 2830 0.
185 2792 320 2842 umquam
338 2774 416 2829 ΗΒ.
460 2774 565 2845 castra]
590 2775 707 2828 castella
725 2796 756 2827 ω.
800 2775 929 2830 omnibus
952 2775 1028 2832 Indis
1050 2777 1144 2832 dicen-

129 2845 206 2900 tibus
221 2845 309 2901 nichil
324 2845 402 2900 aliud
416 2845 598 2900 memorabile
616 2844 736 2900 inveniri
754 2862 836 2915 posse
855 2848 884 2901 in
902 2848 946 2901 his
960 2847 1039 2916 locis,
1059 2865 1143 2916 quam

130 2917 205 2984 quod
230 2918 427 2985 cognovimus,
451 2916 521 2970 iussi
545 2915 648 2970 diverti
673 2916 753 2986 signa
776 2915 805 2970 in
824 2917 979 2973 Phasiacas
1002 2917 1144 2973 antinothi

129 2987 208 3042 venti
225 2988 325 3041 flatum
343 2991 455 3042 secutus
474 2988 513 3042 Η.
574 2993 607 3041 14
626 2987 700 3041 Dum
719 3007 748 3041 ω.
782 2989 886 3058 sumpsi
905 3009 935 3043 ω.
969 2988 1096 3057 Tumque
1114 2988 1144 3042 in

129 3057 231 3113 itinere
250 3059 392 3127 sumptum
411 3075 513 3128 agmen
532 3057 571 3112 Η.
637 3062 670 3112 19
689 3057 809 3113 maxime
829 3060 859 3114 0.
879 3075 928 3114 orn.
948 3063 995 3112 cet.
1034 3058 1058 3112 si
1075 3057 1143 3113 illuc

130 3146 194 3183 cum
215 3129 242 3185 0.
267 3145 352 3182 causa
370 3128 436 3183 mV.
473 3129 616 3195 tantisque
636 3148 665 3181 ω.
689 3129 776 3182 tantis
796 3127 824 3182 0.
914 3134 948 3182 20
968 3133 997 3183 et
1016 3128 1045 3184 O.
1070 3130 1094 3182 si
1112 3149 1142 3185 ω.

129 3216 266 3268 perquam
299 3198 422 3253 difficilis
450 3201 546 3254 tamen
573 3214 700 3252 accessus
732 3200 846 3267 propter
873 3197 1021 3268 penuriam
1052 3216 1143 3268 aquae

129 3269 272 3339 tantisque
290 3271 507 3340 impedimentis,
527 3269 551 3323 si
569 3269 608 3323 H.
678 3272 712 3322 21
733 3269 894 3342 comitatus]
914 3272 1087 3325 commeatus
1107 3275 1141 3324 H.

130 3341 244 3396 milibus
263 3343 369 3411 scripsi.
393 3341 502 3394 milium
521 3340 560 3394 H.
584 3338 665 3394 milia
683 3345 729 3394 cet.
776 3346 810 3394 22
829 3340 974 3396 hominum
992 3341 1092 3396 robore
1113 3341 1141 3396 O.

130 3429 333 3482 praeponerem
343 3433 373 3466 ω.
392 3413 591 3481 postponerem
599 3410 628 3465 0.
646 3413 878 3481 proponeremH.
916 3419 951 3467 23
965 3413 1141 3470 satiramH.

130 3499 247 3552 pergere
262 3500 312 3538 cm.
324 3484 399 3538 ω.Η.
437 3489 471 3537 24
484 3483 672 3553 perspicerem
685 3481 831 3552 negotium
839 3484 878 3541 H.
898 3485 976 3538 Tunc
985 3486 1094 3556 (tamen
1102 3484 1143 3552 0.)

183 3581 269 3622 Innrns
283 3583 418 3624 Vinicius.
950 3581 984 3628 14
