2622 3932
148 189 215 256 204
268 187 444 251 EPISTOLA
462 187 679 244 scamnum
697 187 748 244 AD
766 187 1036 245 ARISTOTELEM.

238 351 315 416 Mox
338 352 462 417 contuli
488 373 559 418 cum
582 351 672 418 Indis
697 373 830 416 manum
854 352 1078 436 superatisque
1102 353 1164 434 his,

148 442 198 506 uti
220 441 384 524 volebam,
412 444 523 525 erepta
551 441 649 504 armis
671 438 757 507 Poro
780 452 882 524 regna
905 441 1044 505 restitui.
1092 440 1164 527 Qui,

148 534 185 595 nt
208 530 238 594 ei
261 533 412 614 superato
436 529 541 595 honor
568 529 662 594 datus
691 533 754 613 est,
781 529 863 592 mihi
887 529 1058 594 thesauros
1086 552 1164 595 suos

150 618 386 702 manifestavit,
415 639 496 703 quos
520 640 591 682 esse
618 618 824 702 ignorabam,
852 617 1031 701 exquibus
1055 623 1163 684 meet

122 708 284 776 scomites
312 729 401 772 meos
430 710 463 772 et
489 707 675 799 universum
704 705 880 772 exereitum
908 707 1024 770 ditavit
1045 707 1162 772 factus·

150 818 212 881 que
242 799 292 861 est
322 796 444 861 amicus
475 817 515 860 ex
543 795 638 861 hoste
669 794 910 862 Macedonibus.
962 794 1026 860 Ast
1059 799 1092 860 et
1123 796 1163 860 ad

149 884 300 950 Herculis
319 883 492 969 Liberique
510 883 669 968 trophaea
691 906 743 948 me
763 882 893 946 deduxit
910 883 945 946 in
964 883 1096 948 orientis
1114 885 1163 948 ul·

149 973 239 1038 timis
268 973 347 1058 oris3
376 993 473 1037 aurea
491 975 636 1057 utraque
665 971 799 1037 deorum
827 973 1043 1037 constituerat
1066 973 1163 1036 simn-

150 1063 247 1128 lacra.
293 1061 383 1138 Quae
407 1083 448 1124 an
473 1060 578 1126 solida
601 1065 723 1143 essent,
751 1080 811 1145 ego
836 1061 917 1125 scire
941 1061 1072 1146 cupiens
1096 1083 1163 1126 om·

110 1151 205 1218 ionia
227 1150 308 1215 iussi
331 1150 503 1234 perforari,
531 1154 564 1214 et
592 1149 625 1214 id
653 1149 759 1233 ipsum
787 1170 860 1214 cum
884 1148 1037 1214 vidissem
1061 1150 1165 1214 solida

151 1261 230 1318 esse,
255 1239 353 1304 simili
372 1238 504 1303 metallo
524 1239 686 1321 complevi
705 1241 738 1302 et
755 1237 928 1302 Herculem
947 1237 1164 1322 Liberumque

151 1327 283 1392 deiectis
307 1327 490 1392 simulacris
514 1327 655 1392 victimis
680 1327 889 1410 complacavi.

238 1415 335 1481 Ultra
349 1415 464 1480 deinde
478 1416 708 1500 progressuris,
726 1414 854 1499 siquod
868 1415 1079 1480 memorabile
1098 1436 1166 1481 cer-

149 1526 309 1590 neremus,
331 1504 415 1568 nihil
438 1507 568 1588 praeter
586 1504 729 1568 desertas
752 1504 787 1568 in
812 1525 931 1568 oceano
956 1505 1056 1568 silvas
1078 1526 1165 1568 oam-

110 1618 136 1660 1s
149 1615 273 1678 posque
298 1614 335 1658 ac
358 1597 484 1658 montes
507 1592 750 1676 inhabitabiles,
775 1590 957 1675 elephantis
981 1597 1015 1656 et
1038 1614 1166 1676 serpen-

149 1683 238 1747 tibus
251 1683 370 1766 plenos,
389 1703 458 1746 esse
479 1681 654 1746 dicebatur.
686 1680 868 1766 Pergebam
883 1684 993 1745 tamen
1013 1681 1053 1744 ad
1068 1703 1166 1762 mare,

150 1775 187 1836 ut
213 1772 242 1835 si
269 1792 400 1854 possem
427 1770 480 1836 vel
504 1771 614 1835 orbem
638 1773 799 1834 terrarum
829 1769 1049 1834 circumfluam
1076 1770 1166 1834 navi-

151 1880 228 1944 gare
253 1879 417 1923 oceanum.
458 1856 560 1933 Quem
585 1859 739 1942 quoniam
762 1857 971 1923 tenebrosum
997 1858 1165 1924 vadosum-

150 1967 212 2032 quc
231 1946 312 2010 mibi
331 1947 477 2011 locorum
497 1944 623 2010 incolae
642 1946 851 2011 affirmabant
875 1951 908 2010 et
926 1947 1011 2032 quod
1031 1945 1165 2012 Herculi

110 2059 137 2100 co
151 2038 183 2099 et
206 2033 325 2099 Libero
349 2031 436 2098 ultra
455 2033 561 2098 visum
580 2056 645 2099 non
669 2038 755 2100 esset
775 2036 933 2118 accedere,
956 2035 1166 2120 praestantis·

151 2123 244 2189 simis
273 2122 349 2208 diis,
380 2125 472 2188 tanto
502 2123 657 2188 maiorem
689 2145 741 2188 me
770 2124 850 2207 ipsis
879 2124 979 2189 videri
1007 2124 1167 2208 dicebant,

151 2351 289 2406 militibus
308 2350 448 2404 bellorum
466 2349 599 2420 periculis
617 2349 779 2405 innumeros
799 2349 927 2418 amisisti,
947 2351 1031 2404 datur
1049 2367 1067 2405 a
1085 2349 1165 2405 nobis

150 2421 268 2477 licentia
291 2421 452 2476 revertendi
475 2422 526 2474 aut
547 2420 666 2475 residuis
690 2421 739 2501 qui
761 2423 855 2475 tecum
881 2424 960 2488 sunt,
986 2425 1019 2476 ut
1043 2420 1165 2476 maxime

152 2493 240 2548 aetati
258 2494 325 2546 tuae
339 2508 448 2562 parcas,
468 2507 540 2560 quac
554 2491 602 2546 vix
616 2491 721 2546 sulficrt
738 2491 801 2559 tibi,
821 2492 845 2545 si
859 2491 1054 2547 Macedoniam
1073 2491 1164 2546 redire

151 2565 299 2632 disponas,
323 2565 373 2616 aut
397 2561 569 2618 deditionem
591 2563 671 2616 tuam
693 2562 774 2617 nobis
797 2562 911 2629 offeras,
937 2579 972 2618 ne
996 2561 1098 2633 capitis
1121 2562 1164 2617 tui

151 2633 304 2704 dampnum
323 2634 449 2687 incurras
467 2634 505 2687 H.
532 2635 564 2687 irc
581 2635 636 2687 imo
654 2635 787 2703 marpissa
842 2639 858 2687 3
879 2633 905 2687 ei
924 2636 1056 2703 superato
1074 2633 1164 2688 honor

151 2705 233 2758 datus
252 2702 318 2759 mV.
357 2704 383 2758 ei
401 2705 581 2773 insuperatus
599 2708 647 2759 etc.
667 2703 706 2757 H.
740 2703 882 2772 insperato
903 2707 981 2772 (corr.
1002 2721 1035 2760 ec
1053 2704 1165 2774 insupe-

150 2779 213 2829 rato
233 2773 530 2843 cohonostaretur
552 2774 579 2828 0.
589 2775 622 2828 P.
687 2782 702 2828 6
723 2791 777 2843 que
797 2775 842 2828 est
859 2791 909 2828 om.
930 2795 959 2830 ω.
994 2776 1038 2829 est
1056 2793 1106 2830 om.
1126 2776 1165 2831 H.

151 2844 239 2901 esst
257 2861 307 2900 om.
327 2845 441 2901 auls.
470 2844 507 2898 ad
525 2861 575 2900 om.
595 2844 707 2902 aVJI.
787 2851 866 2900 'lme
886 2845 1002 2900 deduxit
1020 2862 1070 2902 om·
1090 2847 1166 2901 oaH.

150 2917 180 2970 in
199 2916 314 2972 orientis
334 2917 428 2970 autem
447 2915 485 2968 Η.
533 2915 777 2970 romesinam
805 2915 835 2970 id
853 2916 945 2984 ipsum
965 2917 1078 2972 co.V.H.
1106 2935 1166 2970 rur-

151 3005 212 3043 sum
238 2987 267 3042 0.
342 2992 374 3040 12
394 2984 511 3040 deiectis
537 2985 619 3041 Oodd.
649 2985 755 3040 deustis
780 2985 859 3040 Edit.
883 2988 974 3042 Basti.
1007 2989 1166 3042 simulacris

150 3074 200 3114 om.
220 3059 259 3112 Η.
294 3057 451 3126 complacui
469 3056 505 3113 L.
514 3057 549 3112 B.
557 3059 599 3111 M.
609 3058 641 3112 P.
717 3063 750 3111 13
768 3058 970 3130 progressuris]
991 3059 1168 3128 progressuri

152 3127 235 3184 doda.
258 3128 283 3183 si
301 3145 350 3183 om.
371 3149 401 3184 ω,
449 3134 482 3183 15
501 3131 611 3182 montes
631 3144 701 3197 quos
720 3126 878 3182 inhabitare
897 3127 1041 3197 elephanti
1061 3131 1089 3183 et
1109 3147 1165 3184 ser·

150 3203 249 3268 pentes
269 3198 434 3253 dicebantur
454 3199 482 3254 0.
520 3200 629 3254 montes
653 3197 825 3266 audivimus,
848 3197 879 3252 in
902 3199 1003 3267 quibus
1026 3215 1087 3254 esse
1111 3201 1167 3255 ele-

150 3271 251 3338 phanti
278 3275 324 3324 etc.
348 3270 388 3324 H.
439 3269 610 3324 habitabiles
634 3270 667 3325 G.
676 3271 718 3324 M.
808 3275 841 3322 16
860 3270 958 3339 plenos
984 3271 1014 3325 V.
1043 3287 1092 3326 om.
1118 3277 1166 3326 cet.

151 3340 282 3395 dicebant
305 3339 375 3395 (Π.
493 3346 525 3394 17
545 3340 589 3464 up]
612 3340 709 3394 volens
735 3341 772 3394 H.
802 3340 848 3394 vel
870 3357 920 3395 one.
940 3341 978 3394 H.
1008 3341 1068 3396 orbi
1089 3342 1166 3395 V.H.

150 3410 313 3476 navigarem
334 3411 362 3464 θ.
438 3417 470 3464 19
490 3427 544 3478 quo
589 3411 633 3464 ‚P.
703 3416 737 3465 20
755 3409 856 3466 Libero
882 3411 912 3464 V.
940 3410 1072 3466 Liberum
1094 3411 1122 3466 0.
1131 3413 1166 3465 P.

152 3477 246 3530 Liberi
260 3486 307 3535 cet.
333 3479 583 3548 praestantissimis
603 3480 736 3536 diisL.V.
761 3482 1017 3550 praestantissimos
1036 3484 1103 3536 deos
1118 3489 1166 3539 cet.

153 3551 185 3596 21
206 3563 288 3613 posse
308 3549 436 3603 viderit).
466 3549 596 3620 qnodque
616 3550 744 3606 Herculis
763 3553 791 3606 et
809 3551 904 3608 Liberi
921 3552 997 3608 ultra
1015 3570 1099 3608 ausus
1119 3571 1166 3608 ne-
