2650 3920
46 193 50 201 ·
149 185 191 248 72
564 181 681 254 urana
698 181 732 234 11.

147 347 310 429 nabimus‚
333 366 433 430 puero
458 345 641 427 confidenti,
667 347 699 408 et
722 342 809 409 hisee
829 343 935 408 noxiis
955 341 1160 427 satellitibus,

148 435 203 518 qui
228 434 424 518 imprudenti
446 433 680 517 imprudentius
705 432 917 515 obsequentes
942 432 1159 496 temeritatem

148 525 217 588 eius
240 521 453 606 praecipitare
477 542 572 606 mage
594 524 748 605 poterunt
772 543 870 604 quam
892 520 1028 584 fulcire?

239 609 271 676 8.
291 611 337 674 At
353 633 434 695 quos
444 610 522 674 —id
536 631 595 693 per
609 610 685 674 deos
699 609 1012 692 deliberate—quos
1026 609 1159 673 tandem
1177 617 1220 668 12.

122 699 358 765 sdestinandos
377 698 556 765 Aeschines
575 701 705 762 censeat
723 697 833 763 decem
851 697 974 781 pariter
993 696 1159 761 oratores?

148 788 257 853 Eosne
282 809 407 868 omnes,
436 809 572 871 quorum
596 786 733 870 singulis
762 808 859 869 saepe
888 786 1002 850 salutis
1033 790 1159 850 vestrae

149 877 285 941 consilia
302 876 455 941 rexistis?
487 874 601 958 Neque
620 873 682 940 hoc
697 875 812 940 videtis
832 874 1051 939 Alexandrum
1065 873 1158 939 vobis

148 965 261 1029 subtili
279 961 417 1047 quodam
438 967 470 1028 et
489 962 690 1028 clandestino
705 962 840 1028 consilio
855 966 1064 1046 monstrasse,
1082 960 1159 1045 quid

147 1052 227 1117 illud
251 1053 295 1117 sit
316 1053 457 1133 tandem,
481 1071 544 1136 quo
567 1051 637 1134 ipse
656 1072 784 1136 quoque
805 1051 973 1134 intelligat
996 1073 1030 1116 se
1054 1050 1159 1134 dispa-

108 1164 135 1202 ιο
147 1163 217 1205 rem
231 1139 485 1205 Atheniensibus
498 1139 590 1203 fore?
624 1139 751 1223 Quippe
771 1161 844 1204 cum
861 1140 896 1203 in
914 1140 1009 1204 rebus
1025 1138 1159 1222 agendis

148 1228 275 1293 bellicis
305 1228 426 1311 pariter
454 1233 552 1310 atque
584 1227 730 1292 civilibus
759 1249 854 1292 omne
881 1228 1003 1293 factum
1030 1227 1160 1291 fundari

148 1315 350 1399 stabilirique
373 1316 521 1381 videatur
543 1316 687 1380 utilitate
711 1317 848 1400 consilii,
870 1320 907 1381 ut
929 1320 1006 1380 tunc
1030 1315 1159 1379 demum

147 1404 268 1469 rectius
293 1407 389 1487 atque
417 1404 596 1468 consultius
624 1426 780 1469 manuum
809 1426 906 1489 opera
936 1404 1159 1486 subsequatur,

148 1493 181 1556 id
211 1492 319 1576 ipsum
346 1493 441 1558 robis
474 1496 618 1557 avertere
651 1515 688 1558 ac
720 1494 907 1577 praevenire
940 1495 1090 1575 conatur,
1122 1496 1159 1554 ut

108 1603 134 1643 15
148 1581 247 1646 veluti
277 1582 433 1646 inermem
463 1584 567 1645 ratem
602 1581 747 1646 sollertia
779 1579 990 1664 gubernantis
1026 1579 1071 1644 sic
1100 1599 1159 1644 ros

148 1671 324 1755 urbemque
356 1669 606 1734 Atheniensium
641 1671 747 1733 totam
784 1669 929 1734 desertos
966 1667 1159 1734 consiliariis

148 1758 265 1822 vestris
288 1759 452 1842 opprimat
475 1761 507 1821 et
529 1753 681 1822 incurset.
721 1755 759 1819 In
784 1777 847 1838 quo
870 1779 911 1820 ne
935 1758 1011 1840 quid
1035 1779 1054 1821 a
1077 1756 1160 1821 mili-

148 1847 271 1926 tibus†
291 1845 531 1910 decretoribus
551 1843 698 1908 dixerim:
722 1844 870 1926 equidem
892 1849 973 1926 puto
993 1845 1046 1909 vel
1064 1866 1159 1909 canes

149 1933 258 1998 decem
278 1934 347 1998 solo
366 1934 488 1997 latratu
512 1956 569 1998 suo
594 1937 627 1996 et
646 1931 864 1996 infestissimis
883 1931 969 2015 lupis
993 1935 1026 1996 et
1045 1933 1159 1996 ceteris

108 2046 135 2084 ao
149 2020 265 2085 bestiis
289 2020 405 2085 terrori
429 2043 508 2105 esse,
532 2021 660 2086 etiamsi
682 2020 718 2084 in
736 2019 812 2085 illos
832 2020 928 2085 dente
946 2019 994 2084 nil
1013 2021 1158 2104 valeant3

148 2109 300 2174 hisvero
329 2110 566 2192 quiescentibus
594 2111 651 2173 aut
676 2108 910 2174 facessentibus
938 2109 990 2174 rel
1017 2108 1159 2192 ignavis-

149 2199 264 2263 simam
283 2197 422 2263 bestiam
444 2197 524 2261 totis
544 2197 699 2282 gregibus
718 2198 932 2281 perniciosam
956 2197 1037 2262 satis
1064 2200 1171 2281 atque

148 2286 302 2351 infestam
326 2307 396 2351 esse
420 2283 613 2352 consuesse?

237 2373 273 2441 9.
306 2373 346 2438 ln
363 2373 447 2438 hane
465 2373 532 2437 fere
552 2373 749 2438 sententiam
767 2374 928 2440 Demades
947 2375 1082 2442 dixerat.
1116 2374 1161 2440 At
1178 2387 1228 2443 111.

108 2485 135 2524 25
148 2485 223 2528 vero
256 2462 470 2528 Athenienses
501 2460 730 2526 Demosthenis
760 2466 840 2528 tunc
870 2463 1007 2529 consilia
1037 2464 1161 2548 flagita·
1183 2464 1228 2515 13.

148 2552 244 2637 bant,
281 2551 367 2636 quod
399 2551 523 2617 scilicet
555 2549 622 2614 eius
655 2550 717 2616 viri
750 2552 971 2636 orationisque
1008 2552 1159 2616 maiestas

149 2661 244 2723 saepe
268 2661 379 2705 eorum
402 2639 571 2706 commoda
594 2640 796 2724 consiliaque
819 2641 964 2704 rexisset.
1008 2639 1090 2703 Tum
1115 2637 1160 2701 di-

149 2727 232 2791 citur
268 2728 297 2792 is
330 2731 440 2793 orator
476 2727 730 2810 consurrexisse,
767 2746 929 2811 manuque
966 2727 1004 2791 de
1036 2727 1160 2810 populo

148 2815 368 2880 tumultuante
388 2816 551 2881 silentium
569 2837 705 2899 poscens
724 2815 759 2878 in
777 2814 857 2879 haec
877 2815 995 2898 erupit:
1015 2812 1055 2879 ε0
1074 2816 1159 2882 cives

164 3013 168 3020 .
240 2969 317 3025 lhis
331 2971 365 3026 P.
388 2970 478 3025 noxiis
493 2972 567 3028 Mai.
586 2970 652 3024 noxi
666 2971 701 3024 A.
719 2969 803 3023 noxio
818 2970 850 3024 P.
904 2969 1110 3040 2imprudenti
1124 2972 1160 3029 A.

146 3041 339 3112 imprudentes
359 3042 392 3097 P.

238 3113 266 3170 8.
286 3113 355 3166 4At
365 3113 546 3184 quossoripsi.
565 3113 610 3166 Ad
620 3111 829 3180 quosqueA.P.
849 3112 1160 3196 quosmndemsorepse’.

148 3183 216 3252 quid
229 3185 344 3240 landem
354 3183 390 3239 A.
398 3184 431 3238 P.
469 3189 485 3238 8
502 3183 569 3251 quid
582 3181 654 3237 illud
666 3182 700 3239 P.
720 3183 795 3252 quod
808 3182 881 3238 illud
891 3184 926 3239 A.
965 3189 997 3239 1⁷
1012 3200 1046 3238 ne
1061 3184 1129 3253 quid
1144 3199 1161 3237 a

149 3254 287 3310 militibus
300 3256 334 3309 P.
362 3253 484 3323 nequius
502 3253 640 3308 militibus
650 3253 686 3310 A.
715 3271 749 3308 ne
768 3255 835 3322 quid
853 3253 1030 3309 ambitiosius
1049 3254 1161 3325 Bepara

148 3324 247 3380 Ptitot.
267 3329 342 3380 1883
355 3343 386 3396 p.
397 3329 461 3380 308.
493 3341 529 3378 ne
547 3323 615 3392 quid
632 3323 829 3380 immitabilius
847 3325 959 3381 Rdnsct
978 3325 1119 3394 (Zeitsctr.
1138 3326 1160 3392 f.

148 3396 269 3450 t'streirt.
290 3396 388 3466 Gpma.
406 3395 524 3448 XXXI
530 3394 555 3447 V
566 3412 597 3465 p.
613 3399 669 3450 896
678 3397 736 3464 sq).
818 3401 850 3449 19
870 3397 900 3449 et
917 3395 1105 3450 infestissimis
1123 3398 1160 3451 A.

146 3463 335 3518 infestissimis
354 3466 389 3520 P.
466 3471 500 3519 20
520 3463 603 3520 dente
623 3465 657 3519 P.
686 3465 783 3520 dentes
802 3467 838 3520 A.

240 3535 269 3590 9.
297 3541 330 3590 27
351 3535 421 3590 Cum
430 3535 512 3590 huius
524 3539 618 3592 orator
629 3536 886 3592 consurrexissetA.
934 3541 968 3593 29
987 3536 1161 3606 poposoitA.
