2648 3924
167 193 231 258 156
366 271 369 276 Ι
583 194 692 249 niusa
710 195 757 251 111.

165 356 379 439 transierant,
409 356 567 441 comperit
590 356 711 421 ibidem
740 377 837 442 super
860 355 1083 440 magnitudine
1108 356 1178 421 eius

166 445 275 529 gentis
313 466 350 508 ac
385 445 474 530 regis
512 446 674 528 potentia,
712 445 766 530 qui
799 444 971 509 Prusiacas
1008 445 1178 527 potiretur.

166 531 291 617 Quippe
319 533 382 597 ista
411 532 564 598 Prasiaca
591 537 726 617 propter
754 554 910 599 oceanum
939 533 1014 614 sita,
1046 554 1109 617 quo
1139 533 1178 596 de

164 621 290 704 reliqua
304 621 473 686 hominum
491 623 589 686 turba
609 623 772 703 semotior,
791 622 853 686 hcc
873 622 913 685 ad
932 621 1177 686 multitudinem
1312 583 1315 676 l

139 730 292 793 equoque
320 710 444 794 largius
472 710 562 775 vivit.
607 709 758 774 Addebat
784 713 894 775 tamen
921 709 1010 773 fama
1037 713 1088 774 tot
1115 710 1177 773 ele-

165 797 362 879 phantorum
395 798 493 862 etiam
526 798 618 862 milia
648 819 720 863 esse
748 799 836 883 regi,
869 800 948 882 quot
979 798 1065 880 apud
1095 798 1176 863 alios

165 886 355 970 plerumque
392 908 487 972 super
522 885 707 952 hominibus
739 887 925 951 mentiatur.
979 885 1040 949 His
1075 885 1177 970 igitur

165 974 340 1057 compertis
361 974 544 1039 Alexander
566 975 702 1039 limitem
725 974 947 1039 huiuscemodi
970 973 1032 1039 loci
1056 974 1175 1038 sensim

164 1063 275 1146 legens
305 1063 454 1128 civitates
483 1063 551 1128 eius
579 1063 732 1127 invadere
761 1085 798 1128 ac
822 1062 942 1127 dicioni
965 1083 1042 1126 suae
1066 1062 1174 1127 vendi-

125 1172 150 1211 1o
165 1171 237 1215 care
259 1172 325 1215 non
344 1151 482 1236 negligit
505 1155 537 1214 et
561 1151 720 1216 sacrificia
739 1151 800 1215 diis
825 1150 1064 1215 immortalibus
1087 1149 1174 1215 facit.

254 1236 312 1303 48.
338 1237 427 1314 Quae
450 1261 523 1304 cum
547 1239 686 1303 maxime
710 1244 965 1323 persequeretur,
989 1239 1030 1302 ab
1052 1239 1174 1303 Aristo·
1193 1249 1236 1301 79.

163 1326 229 1389 tele
254 1326 426 1410 epistolam
450 1327 550 1392 sumit
573 1329 728 1412 scriptam
752 1328 786 1391 in
808 1327 894 1392 hunc
918 1327 1058 1392 modum.
1102 1325 1175 1391 ‘Per

164 1413 244 1477 mihi
275 1415 407 1480 difficile
436 1419 487 1481 est
513 1416 632 1501 eligere
655 1417 708 1481 vel
735 1415 881 1499 laudare,
910 1416 1092 1479 Alexander
1120 1416 1174 1498 mi,

164 1524 202 1565 ex
235 1501 323 1569 hisce
358 1504 508 1569 omnibus
542 1504 680 1588 aliquid,
715 1526 797 1588 quae
829 1508 861 1568 te
895 1504 929 1569 in
960 1505 1024 1568 ista
1056 1502 1175 1568 militia

124 1611 150 1651 15
164 1593 305 1675 gessisse
324 1593 480 1677 cognovi,
500 1615 635 1677 eamque
657 1592 739 1657 mihi
757 1614 827 1657 esse
847 1592 1044 1656 sententiam
1061 1592 1173 1658 Iouem

162 1683 281 1744 testem
307 1680 393 1746 facio
418 1680 679 1765 Neptunumque.
725 1682 831 1757 Quare
859 1681 921 1745 diis
948 1681 1088 1765 primum
1117 1681 1175 1744 im·

165 1769 358 1833 mortalibus
383 1769 566 1853 deabusque
591 1791 655 1852 ago
680 1770 803 1853 gratias
828 1773 1060 1853 competentes,
1088 1770 1174 1852 quod

163 1876 292 1918 emenso
322 1857 383 1920 tibi
410 1857 507 1921 hasce
531 1856 667 1939 periculi
690 1857 897 1922 difficultates
921 1857 1174 1943 gratulationem

162 1943 271 2024 potius
310 1965 407 2026 quam
445 1944 599 2008 solatium
634 1945 756 2024 scribo,
789 1945 908 2030 quippe
943 1968 1038 2031 quem
1073 1947 1174 2010 sciam

122 2050 149 2090 so
163 2051 229 2096 non
251 2031 412 2095 bellorum
441 2032 537 2097 modo
566 2033 754 2098 discrimina
778 2035 932 2118 evasisse,
960 2055 1070 2099 verum
1094 2038 1173 2098 tem·

161 2139 277 2200 porum
312 2141 439 2204 quoque
473 2125 505 2185 et
536 2121 618 2185 caeli
650 2121 899 2187 difficultatibus
931 2145 996 2187 non
1030 2123 1173 2186 cessisse.

161 2205 211 2270 Ex
231 2208 347 2292 quibus
372 2209 525 2293 colligere
545 2210 717 2274 admodum
736 2211 830 2276 facile
852 2214 910 2294 est,
934 2211 1173 2296 ambigendum,

161 2297 311 2370 utrumne
335 2300 367 2362 te
390 2299 580 2382 prudentiae
604 2299 727 2363 viribus
756 2321 797 2363 an
824 2300 1021 2363 tolerantiae
1044 2299 1173 2363 fortitu-

162 2383 308 2468 dinisque
332 2387 438 2470 magis
461 2386 653 2470 praedicem.
700 2385 797 2452 Certe
825 2388 904 2451 illud
927 2388 989 2452 tibi
1017 2387 1083 2451 iam
1106 2386 1172 2451 Ho-

121 2492 147 2534 ac
162 2474 318 2538 mericum
342 2475 443 2557 adest,
468 2474 553 2558 quod
576 2474 644 2540 illic
668 2475 927 2558 sapientissimus
950 2475 1127 2559 gloriatur:

273 2594 502 2664 Multigcnasque
521 2595 604 2649 urbes
623 2594 767 2650 hominum
786 2611 933 2663 moresque
951 2595 1056 2650 notavi.

161 2701 240 2778 Quis
275 2704 362 2768 enim
393 2703 644 2788 praedicationis
673 2704 749 2768 finis
779 2704 866 2769 istud
900 2704 1003 2788 capit,
1035 2703 1172 2787 triginta

160 2790 262 2854 ferme
286 2791 339 2856 vix
364 2813 466 2856 annos
490 2813 656 2856 emensum
679 2797 712 2856 te
736 2787 870 2857 orientis
895 2793 1001 2857 omnis
1028 2792 1171 2856 occiden-

160 2878 266 2962 tisque
291 2879 474 2944 dominari?
521 2879 641 2944 Bactra
669 2884 702 2945 te
725 2880 819 2964 vidit,
848 2880 1023 2963 Aethiopia
1052 2880 1172 2944 saluta-

250 3130 263 3175 1
283 3122 507 3192 magnitudinem
527 3125 560 3179 P.
619 3128 634 3176 3
655 3121 767 3193 Quippe
787 3124 852 3177 dum
871 3123 905 3178 P.
935 3123 1021 3177 situm
1040 3121 1116 3191 quod
1136 3123 1170 3177 P.

159 3199 175 3248 8
195 3193 331 3248 eiusmodi
355 3194 387 3248 P.
474 3200 489 3248 9
509 3193 634 3249 civitatis
653 3197 688 3248 A.
720 3193 822 3250 ditioni
840 3210 908 3248 suae
927 3196 962 3248 A.
987 3192 1172 3248 dedicationis

160 3262 219 3318 eius
238 3264 270 3318 P.
345 3270 378 3320 10
402 3265 493 3320 Verba
516 3265 558 3320 ‘et
576 3263 756 3319 sacrificia-
769 3271 800 3319 11
820 3264 1045 3335 persequeretur'
1066 3280 1116 3318 om.
1136 3264 1170 3319 P.

248 3333 295 3389 48.
325 3341 357 3389 14
375 3333 420 3389 his
438 3336 472 3391 P.
538 3341 571 3390 15
591 3352 651 3390 esse
670 3352 719 3391 om.
739 3335 771 3391 P.
838 3341 870 3390 18
888 3336 939 3390 has
959 3336 991 3390 P.
1060 3340 1094 3388 20
1113 3333 1171 3387 dis-

159 3402 261 3482 crimen
277 3403 308 3457 P.
351 3411 385 3458 22
405 3406 538 3476 colligere
556 3409 592 3461 A.
619 3407 752 3474 colligere
770 3421 918 3476 possumus
936 3407 968 3462 P.
1007 3411 1040 3460 23
1059 3404 1170 3460 fortitu·

159 3471 288 3550 diursque
300 3475 373 3528 Mae.
393 3474 565 3530 fortitudinis
576 3475 610 3529 Α.
620 3477 653 3531 P.
690 3482 725 3530 24
738 3479 797 3531 tam
811 3475 989 3530 Homericum
999 3477 1034 3531 A.
1073 3481 1170 3529 26110-

157 3541 217 3592 tavi
238 3557 307 3594 corr.
327 3559 360 3596 ea
378 3545 470 3597 notari
489 3545 523 3599 A.
553 3546 646 3599 notari
664 3548 696 3601 P.
