2648 3922
186 191 230 255 46
621 191 730 246 LIBER
747 192 768 248 I.

186 375 260 418 cum
284 354 503 438 cataphractis
526 353 613 419 viros
637 354 762 438 accipit,
786 354 871 437 quod
895 359 1078 420 armaturae
1097 375 1200 440 genus

187 443 320 509 orientis
353 443 497 508 inventio
528 447 592 525 est,
626 464 662 508 ac
692 447 761 506 tum
793 441 914 526 Tyrum
946 443 1085 507 advenit.
1138 443 1201 509 Sed

186 532 273 595 enim
296 531 390 615 'I'yrii
418 532 587 596 moenibus
616 531 736 596 clausis
765 530 805 596 ab
834 531 982 616 ingressu
1012 531 1123 616 oppidi
1151 555 1200 597 ar·

186 641 258 684 cere
285 619 505 684 Alexandrum
534 619 801 704 obfirmaverunt,
830 640 898 684 non
925 622 1113 705 contemptu
1142 622 1200 686 sci-

159 708 262 774 alicet
285 709 402 773 virium
425 709 511 773 tanti
535 708 691 789 nominis,
718 708 773 772 sed
798 707 920 773 oraculi
944 709 1111 772 cuiusdam
1134 731 1199 774 mc·

185 819 305 877 mores,
336 818 399 881 quc
430 798 636 880 docerentur,
666 795 751 880 quod
782 796 809 860 si
838 818 894 860 rex
922 797 1036 861 urbem
1064 795 1198 881 Tyriam

184 885 332 951 invectus
353 907 425 950 cum
442 886 587 950 exercitu
600 885 814 968 transivisset,
833 885 965 950 fortuna
978 889 1056 950 tunc
1069 886 1199 969 lapsum

185 975 305 1058 oppido
332 975 520 1039 minaretur.
571 973 755 1037 Alexander
783 977 893 1038 tamen
923 996 996 1038 cum
1025 974 1198 1040 admolitus
1306 1023 1317 1049 .

183 1063 371 1127 violentiam
387 1063 542 1147 oppidum
562 1064 696 1145 cuperet
713 1063 896 1146 subiugare,
916 1063 1051 1148 ancipiti
1064 1062 1198 1148 proelio,

144 1175 170 1215 ιο
184 1151 295 1216 multis
322 1150 421 1216 etiam
445 1149 658 1216 Macedonum
687 1151 789 1215 caesis
817 1172 855 1215 ac
878 1151 1055 1232 vulneratis
1083 1153 1195 1235 pedem

183 1238 290 1304 refert.
332 1239 466 1304 Praeter
485 1238 565 1303 illud
584 1240 686 1322 igitur
706 1239 796 1322 prius
815 1240 1097 1324 magnanimitatis
1122 1261 1197 1306 suae

184 1327 326 1392 studium
355 1328 421 1391 iam
450 1328 547 1392 etiam
575 1328 801 1412 indignatione
831 1329 1008 1394 ferventior
1038 1329 1196 1394 excidium
1258 1364 1262 1368 ·

102 1493 105 1498 Ι
140 1463 145 1474 .
182 1415 288 1499 Tyriis
312 1416 498 1481 minabatur
518 1417 619 1500 deque
643 1436 681 1480 ea
703 1437 738 1481 re
762 1420 903 1482 somniat
927 1416 1092 1482 admoneri
1116 1439 1195 1499 sese,

181 1526 222 1568 ne
252 1504 450 1590 legationem
481 1506 531 1569 sui
559 1505 681 1589 Tyrum
711 1525 771 1588 per
801 1527 871 1571 sese
901 1505 1016 1586 faciat3
1044 1505 1078 1569 id
1108 1505 1195 1569 enim

142 1617 168 1658 15
182 1593 290 1658 animo
313 1593 587 1679 praedestinabat.

272 1681 330 1747 36.
362 1681 472 1747 Missis
496 1683 596 1767 igitur
620 1682 829 1747 internuntiis
853 1683 980 1747 litteras
1008 1682 1064 1747 dat
1086 1682 1194 1766 Tyriis
1214 1695 1259 1746 40.

181 1770 405 1854 perferendas,
428 1792 563 1853 quarum
588 1771 750 1834 sententia
773 1770 852 1834 haec
876 1775 939 1834 est:
968 1771 1194 1836 ‘Macedonum

181 1880 245 1935 rex,
269 1859 355 1922 filius
379 1857 551 1922 Ammonis
575 1856 796 1942 Philippique,
819 1879 874 1921 rex
897 1879 1012 1942 regum
1035 1860 1195 1924 maximus

181 1946 280 2009 Asiae
315 1967 373 2010 seu
403 1945 553 2030 Europae
586 1945 638 2009 vel
670 1944 807 2029 Libyae,
845 1943 954 2028 Tyriis
991 1946 1071 2010 haec
1106 1947 1194 2012 dicit.

140 2059 167 2098 rc
181 2033 342 2118 Equidem
372 2031 532 2098 Graecum
563 2034 596 2095 et
627 2034 795 2117 imperiale
825 2033 995 2098 videbatur
1025 2055 1098 2098 cum
1130 2035 1194 2099 cle·

179 2121 304 2186 mentia
326 2123 449 2204 pariter
473 2144 510 2186 ac
533 2121 658 2185 iustitia
681 2122 792 2186 invehi
816 2123 928 2186 urbem
951 2126 1103 2188 vestram.
1148 2123 1195 2188 At

181 2211 266 2275 enim
282 2232 340 2276 vos
354 2211 451 2293 primi
470 2210 614 2275 omnium
629 2210 812 2293 exstitistiS,
831 2211 887 2294 qui
903 2210 983 2275 mihi
998 2211 1193 2277 insolentius

180 2299 367 2364 obviaretis.
413 2299 521 2384 Igitur
542 2319 601 2383 per
623 2321 682 2364 vos
706 2301 821 2365 ceteris
845 2300 944 2363 etiarn
967 2301 1192 2385 magisterium

179 2388 420 2472 procurabitur,
448 2388 523 2473 quid
547 2387 663 2452 virium
688 2387 731 2452 sit
758 2390 792 2452 in
815 2387 1028 2452 Macedonum
1052 2389 1192 2454 dexteris

138 2500 165 2541 aa
180 2498 218 2541 ac
239 2476 444 2561 fortitudine3
472 2498 576 2561 neque
604 2477 692 2541 enim
714 2499 773 2541 vos
801 2477 926 2542 iuvabit
954 2479 1076 2542 oraculi
1103 2478 1191 2542 illius

178 2567 323 2630 iactatio.
374 2565 609 2651 Transgrediar
638 2565 725 2629 enim
756 2566 910 2650 oppidum
940 2568 1102 2649 vestrum,
1135 2566 1191 2630 sed

178 2654 321 2719 dirutum
340 2657 436 2736 atque
456 2655 633 2719 disiectum.
673 2653 798 2738 Valetc,
822 2656 849 2720 si
869 2655 997 2736 sapitis:
1020 2655 1190 2719 nonenim

178 2741 345 2824 valebitis,
378 2743 406 2805 si
437 2740 674 2824 perseveratis?
727 2742 788 2807 His
822 2743 941 2807 litteris
972 2743 1065 2807 lectis
1098 2742 1190 2826 Tyrii
1209 2755 1254 2809 41.
1312 2781 1313 2790 =

178 2829 334 2914 primates
357 2829 484 2915 legatos
507 2831 657 2915 protinus
686 2831 806 2915 corripi
832 2832 945 2896 iubent
973 2831 1081 2915 eisque
1110 2831 1191 2895 mul·
1312 2843 1313 2850 ’

268 3062 282 3110 1
302 3057 477 3112 armaturaec
496 3058 577 3110 tenus
596 3063 624 3111 ’.1.
668 3061 683 3109 3
703 3056 805 3112 clausis
824 3063 853 3110 Τ.
877 3057 1013 3113 obseratis
1032 3058 1067 3114 A.
1091 3073 1141 3113 om.
1156 3057 1188 3114 P.

177 3129 295 3198 ingressi
305 3129 339 3182 P.
376 3132 393 3182 4
409 3126 671 3182 obfirmaveruntrt.
680 3127 714 3182 P.
729 3126 927 3196 obsignaverat
934 3136 960 3184 1.
981 3129 1188 3198 contemptuA.

178 3201 310 3269 contoptc
335 3205 364 3254 ’1.
393 3201 541 3253 contentus
561 3197 596 3252 P.
704 3204 719 3252 7
745 3197 859 3253 fortuna
883 3203 949 3254 tunc
975 3199 1087 3268 lapsum
1111 3199 1187 3254 A.P.

177 3269 306 3325 fortunae
325 3270 392 3324 tuuc
411 3269 521 3339 lapsum
540 3268 637 3339 oppidi
656 3267 867 3324 dominarentur
885 3277 912 3323 Τ.
945 3271 1074 3325 fortunae
1092 3271 1188 3340 lapsus

176 3341 277 3395 Eberb.
297 3341 330 3408 cf.
348 3358 378 3408 p.
392 3343 436 3406 44,
451 3345 494 3395 16.
594 3344 627 3393 11
647 3339 735 3408 igitur
753 3342 821 3396 MA.
846 3339 932 3396 etiam
951 3341 982 3395 P.
1080 3347 1112 3394 12
1131 3341 1189 3395 iam

176 3411 263 3464 etiam
280 3410 350 3465 M.
378 3410 435 3466 iam
456 3411 490 3466 P.
582 3411 824 3466 13admoneri1.
852 3412 960 3466 moneri
977 3413 1013 3464 A.
1021 3412 1054 3465 P.

263 3480 313 3535 36.
340 3486 371 3535 17
392 3479 545 3536 sententias
563 3481 597 3536 P.
654 3487 687 3535 19
707 3497 756 3536 seu
774 3499 824 3537 orn.
843 3482 877 3537 P.
932 3486 967 3535 24
986 3480 1071 3536 sitin
1089 3498 1139 3536 om.
1159 3488 1186 3537 Τ.

145 3562 147 3568 ·
176 3555 210 3604 25
228 3549 423 3605 fortitudinem
442 3558 469 3607 1.
507 3551 616 3607 iubabit
635 3559 662 3606 1.
735 3557 767 3607 27
788 3551 863 3606 enim
881 3569 931 3608 om.
951 3553 984 3608 P.
