2654 3926
498 229 617 286 ORTUS
635 229 857 288 ALEXANDRI.
1142 229 1184 294 37

118 411 122 420 ’
169 416 244 459 aves
272 394 386 458 eodem
413 394 630 479 advolavisse,
657 393 841 477 raptimque
869 414 998 459 omnem
1027 394 1118 459 illam
1147 393 1186 457 de

169 483 274 548 farina
288 483 409 548 lineam
425 483 630 568 obligurisse.
658 481 696 547 Id
715 502 792 567 ergo
807 482 951 565 portenti
967 482 1185 547 turbulentius

170 570 390 638 Alexandrum
423 572 652 637 formidantem
688 569 888 635 consuluisse
922 571 1071 653 protinus
1103 571 1186 656 peri-

169 660 315 726 tissimos
350 662 572 727 coniectorum
604 680 781 743 eorumque
816 659 978 724 sententia
1009 660 1187 739 rescivisse,

170 749 337 814 civitatem
355 749 441 814 hanc
459 771 525 815 non
544 749 612 814 suis
632 748 738 833 modo,
756 769 869 812 verum
887 747 1067 832 peregrinis
1087 747 1213 812 etiams

170 837 300 921 populis
328 838 369 902 ad
397 837 585 903 alimoniam
614 838 814 902 uberrimam
841 835 921 902 fore.
967 834 1013 902 Ut
1040 835 1126 900 enim
1153 836 1188 900 in

170 926 228 990 illo
256 926 363 991 avium
387 948 521 992 numero
550 949 616 992 non
644 927 750 991 solum
778 925 965 1010 indigenae,
993 945 1105 989 verum
1134 924 1187 988 ad-

170 1035 273 1079 venae
310 1015 410 1080 etiam
450 1018 547 1100 atque
583 1015 725 1099 undique
762 1035 874 1080 versus
912 1013 1065 1097 adlapsae
1102 1014 1189 1077 iacto

170 1103 292 1188 pollina
322 1103 414 1168 avido
445 1108 558 1189 pastae
589 1105 669 1186 sint,
703 1105 750 1168 ita
780 1103 968 1168 hominibus
998 1122 1126 1186 quoque
1157 1105 1189 1166 et

171 1192 388 1257 incolentibus
418 1197 451 1257 ct
479 1192 718 1276 adpellentibus
745 1192 860 1257 urbem
887 1191 971 1256 hanc
998 1190 1188 1256 fructuosis·
1202 1212 1229 1251 ιο

173 1280 289 1345 simam
312 1279 392 1344 fore.

262 1366 320 1433 28.
344 1367 546 1432 Aedificandi
563 1371 675 1432 tamon
694 1368 925 1432 Alexandriam
947 1371 1077 1434 constat
1099 1368 1185 1453 prin·
1205 1375 1253 1430 27.

171 1457 291 1542 cipium
321 1478 360 1522 ex
389 1456 570 1521 meditullio
598 1477 668 1520 esse
698 1454 821 1520 factum
852 1455 949 1541 idque
978 1457 1077 1522 etiam
1104 1479 1190 1522 nunc

171 1567 292 1611 nomen
315 1546 348 1609 in
375 1566 414 1610 ea
437 1545 516 1610 urba
534 1544 677 1629 retineri,
700 1543 786 1628 quod
805 1541 1028 1626 Mesopedium
1046 1548 1189 1610 vocetur.
1257 1625 1260 1631 Ι

172 1633 306 1718 Oooptis
331 1638 439 1698 autem
462 1633 686 1699 molitionibus
711 1653 841 1716 surgere
862 1631 979 1696 visitur
1002 1633 1099 1698 draco
1122 1633 1189 1716 qui·
1204 1653 1229 1694 15

172 1723 247 1787 dam
272 1722 430 1787 terribilis
454 1722 679 1807 magnitudine
703 1742 741 1787 ac
765 1720 950 1803 maiestate,
974 1722 1029 1805 qui
1051 1722 1191 1805 plerum·

173 1832 235 1895 que
268 1811 400 1895 opifices
433 1812 636 1890 incursabat,
669 1831 770 1894 eoque
802 1809 1008 1875 nonnihilum
1040 1809 1191 1894 impediri

172 1899 595 2074 lllllonlleballffiln
609 1898 1190 2073 Ailll..millxllirlll²l..llll

173 2077 267 2162 foret,
289 2077 381 2143 iubet
403 2077 587 2162 insequenti
611 2077 672 2142 sub
696 2076 760 2157 die,
784 2077 886 2142 sicubi
909 2077 994 2141 forte
1017 2099 1110 2142 sacra
1133 2076 1190 2141 illa
1204 2097 1231 2136 ao

173 2166 270 2231 belua
302 2164 482 2251 videretur,
520 2187 632 2231 omnes
668 2164 810 2248 undique
847 2164 1045 2230 confluentes
1077 2185 1191 2230 necem

174 2254 308 2320 draconi
338 2255 455 2319 moliri.
507 2254 609 2338 quue
639 2254 766 2318 naviter
795 2252 918 2318 factum
951 2275 1190 2337 oppressusque

176 2363 213 2406 eo
236 2341 301 2406 loci
324 2346 375 2406 ost
398 2342 505 2426 draco,
528 2343 584 2407 ubi
607 2363 693 2407 nuno
713 2339 825 2406 Stoam
847 2343 974 2406 vocant.
1015 2341 1060 2406 Et
1083 2342 1191 2424 scpul-

177 2429 289 2494 chrum
310 2431 420 2493 tamen
440 2429 572 2495 draconi
596 2430 765 2516 consurgit
788 2451 886 2513 opere
909 2429 1082 2494 adniodum
1100 2429 1190 2494 labo·

174 2522 247 2583 rato
286 2521 319 2582 et
351 2517 468 2582 iuxtim
499 2516 683 2583 Alexander
717 2517 808 2583 iubet
842 2517 1030 2583 coronarias
1063 2539 1189 2603 quoque
1204 2539 1230 2581 25

174 2607 340 2691 opificinas
372 2606 534 2690 adiacere,
563 2609 601 2671 ut
631 2605 717 2692 quod
745 2606 826 2671 haec
855 2605 962 2670 bestia
991 2606 1190 2673 famulitium

175 2695 337 2779 quoddam
360 2695 491 2781 templis
511 2699 677 2779 praestare
696 2695 867 2760 videbatur
889 2695 1085 2760 —daemon
1108 2698 1190 2762 enim

173 2785 289 2849 melior
309 2784 494 2869 appellatur
515 2821 565 2868 —,
583 2785 654 2869 ipae
678 2805 807 2869 quoque
827 2784 936 2849 divina
959 2785 1099 2869 quadam
1116 2787 1190 2852 reli·

173 2874 270 2957 gione
297 2876 466 2940 coleretur.
511 2872 621 2957 Atque
648 2895 721 2939 cum
750 2874 852 2938 multa
882 2874 949 2938 sint
972 2874 1190 2939 Alexandriae
1263 2919 1266 2926 ·

264 3098 490 3171 nabligurisse?
576 3100 728 3157 4rescivit
752 3117 885 3171 superscr.
910 3102 952 3156 vel
977 3099 1129 3168 concipivit
1153 3100 1189 3154 A.

174 3172 276 3228 emend.
297 3172 371 3227 Mai.
444 3175 461 3225 8
479 3188 576 3227 versus
595 3188 664 3227 corr.
684 3189 717 3226 ea
734 3187 829 3227 versos
847 3174 883 3227 A.

266 3241 315 3297 28.
335 3247 368 3295 14
386 3241 581 3312 Mesopedium
601 3244 805 3313 (Msoorrsdlov)
824 3243 924 3311 scripsi
943 3247 1053 3296 auctore
1076 3240 1190 3296 Waohs-

175 3313 279 3367 mathie
299 3313 388 3382 (Mus.
408 3313 496 3368 Rhea.
516 3318 564 3382 42,
579 3329 609 3382 p.
624 3316 700 3384 465).
729 3311 934 3382 Mesoupondio
952 3312 997 3380 A,
1016 3313 1048 3366 ta
1065 3313 1190 3383 marciae

175 3399 261 3438 manu
279 3384 364 3439 multo
382 3386 530 3440 recentiore
548 3385 673 3440 additam
692 3384 886 3452 μεσοποντίον.
926 3388 958 3437 Π
979 3399 1067 3451 coque
1080 3383 1188 3452 scripsi.

176 3452 292 3522 eiusque
317 3455 353 3508 A.
387 3455 503 3524 eiusque
528 3454 710 3509 interventu?
787 3460 822 3508 20
840 3454 920 3507 iubet
945 3454 1017 3508 Mat.
1049 3451 1130 3507 lubet
1154 3452 1190 3506 A.

175 3528 209 3577 23
229 3525 327 3579 Stoam
355 3527 414 3580 Mr.
448 3525 548 3580 Seoam
573 3525 610 3579 A.
696 3529 730 3580 27
750 3526 825 3578 enim
851 3523 957 3577 addidi.
1045 3527 1078 3576 29
1097 3523 1190 3588 Atque

175 3593 278 3650 Eberb.
308 3593 385 3660 Quae
404 3598 440 3652 A.
477 3594 665 3651 Alexandriae
686 3595 760 3650 Mai.
786 3592 1012 3648 Alexandriani.
