2622 3932
159 229 223 293 172
314 229 528 284 ALEXANDRI
547 229 622 283 CUM
640 227 798 284 DINDIMO
817 228 1005 285 contario.

157 392 324 477 incognita
351 390 540 475 prohibent,
567 391 712 456 facinora
740 391 925 455 docuerunt.
975 389 1049 454 Una
1077 392 1167 475 genti

158 481 210 544 lex
239 484 303 543 est:
332 484 447 544 contra
474 480 525 543 ius
555 501 621 544 non
647 479 694 542 ire
721 482 866 544 naturae.
910 477 1168 543 Misericordiam

159 568 241 633 nulli
260 568 442 650 tribuimus,
466 569 541 651 quia
560 589 619 632 nec
636 567 701 650 ipsi
720 566 904 631 miseranda
924 567 1168 632 committimus.

160 655 280 740 Calpas
310 659 440 720 nostras
472 655 609 720 aliorum
636 655 830 719 remittendo
858 659 991 738 peccata
1018 677 1083 720 non
1115 656 1170 720 ab·

133 745 277 809 cluimus
309 766 368 808 nec
401 745 522 829 sparsis
550 744 670 808 divitiis
700 744 823 808 scelera
851 747 1008 828 congesta
1041 743 1170 808 redimi-

160 855 241 896 mus.
273 831 358 908 Quid
379 832 632 915 enimproficiat
649 833 683 894 in
701 832 886 915 proximum
905 833 1045 915 depensa
1064 832 1171 896 muni-

159 921 289 986 ficentia
307 941 420 1002 noxae,
444 941 516 985 cnm
536 922 579 984 sit
599 920 724 985 auctori
744 920 859 1003 simile,
878 921 963 1003 quod
984 919 1171 984 confertur?

159 1009 205 1073 Et
227 1008 377 1072 fortassis
400 1009 555 1073 sincerior
578 1013 627 1072 est
650 1008 715 1091 ille,
738 1029 811 1072 cum
832 1029 894 1092 quc
914 1008 999 1072 male
1023 1009 1171 1073 conscius

160 1097 279 1180 raptim
307 1101 423 1180 parata
450 1097 681 1179 communicat,
711 1099 744 1160 ct
770 1096 819 1160 ita
847 1096 901 1178 fit,
928 1100 965 1160 ut
992 1095 1079 1160 vitiis
1107 1095 1172 1159 lar·

121 1185 279 1270 rugientis
299 1206 369 1268 par,
386 1184 440 1268 qui
460 1184 588 1266 accipit,
605 1184 774 1248 habeatur.
806 1183 956 1248 Pravitas
975 1184 1072 1268 enim,
1090 1205 1171 1267 quos

161 1273 308 1356 contigit,
328 1276 493 1355 exaequat.
525 1271 687 1336 Laborem
700 1293 767 1336 non
782 1293 976 1354 exercemus,
995 1273 1050 1355 qui
1069 1273 1172 1337 nutrit

163 1361 343 1444 avaritiam,
367 1361 470 1424 otium
493 1364 587 1444 turpe
610 1360 687 1424 dum
710 1361 861 1425 vitamus.
905 1360 1049 1424 Libidini
1072 1381 1169 1423 mem-

161 1450 221 1512 bra
244 1447 446 1513 debilitanda
468 1469 535 1513 non
557 1448 724 1523 tradimus.
768 1446 874 1512 Nocte
897 1469 963 1512 non
986 1449 1108 1513 utimur
1131 1448 1172 1512 ad

160 1537 301 1621 tegenda
318 1535 453 1620 flagitia.
495 1536 586 1600 Nihil
604 1536 751 1620 fecimus,
775 1536 860 1620 qnod
883 1536 1070 1620 castigetur.
1108 1534 1171 1600 Ne·

122 1645 148 1685 15
161 1625 211 1689 fas
242 1628 291 1689 est
319 1625 404 1708 apud
434 1646 494 1689 nos
528 1626 605 1708 iuga
637 1625 795 1689 montium
824 1625 991 1688 vulnerare
1022 1625 1171 1688 dentibus

162 1713 213 1778 vel
237 1734 425 1795 camporum
448 1713 589 1776 nitorem
611 1713 718 1796 rigare
741 1712 927 1776 vomeribus
956 1715 1014 1776 aut
1042 1731 1171 1796 gemen-

161 1801 249 1864 tibus
277 1801 379 1864 tauris
406 1801 578 1864 stridentia
600 1801 748 1883 plaustra
771 1800 974 1884 subiungere.
1019 1798 1173 1864 Oruentis

163 1888 298 1970 dapibus
322 1892 450 1951 uterum
479 1908 543 1952 non
566 1891 766 1971 torquemus.
813 1887 971 1953 Vescendi
999 1909 1096 1952 causa
1125 1909 1172 1952 se·

163 1979 251 2039 creta
284 1974 415 2038 litorum
445 1976 568 2039 retibus
600 1997 665 2040 non
696 1975 869 2059 rimamur,
901 1998 965 2040 non
998 1997 1174 2060 aequoreas

123 2085 149 2124 1ο
164 2062 346 2126 animantes
373 2067 497 2126 secreta
519 2063 693 2127 venatione
722 2063 911 2148 decipimus,
939 2067 995 2128 aut
1024 2064 1108 2128 atris
1135 2064 1173 2127 li-

162 2152 322 2215 bertatem
351 2155 448 2234 captu
476 2151 585 2215 avium
612 2153 835 2236 verberamus3
866 2152 1020 2216 silvarum
1050 2153 1173 2216 incolas

162 2261 228 2303 non
256 2242 422 2303 vastamus
455 2239 609 2323 indagine
632 2261 745 2323 uneque
780 2240 884 2324 spolia
910 2240 1015 2304 ferina
1043 2240 1173 2304 domum

163 2326 381 2392 convehimus.
424 2326 542 2391 Omnia
560 2327 771 2412 possidemus,
794 2350 1013 2412 quaecumque
1035 2349 1103 2392 non
1122 2349 1174 2393 cu-

162 2415 283 2499 pimus;
317 2419 366 2479 est
399 2417 485 2479 enim
517 2415 720 2480 ferocissima
751 2417 852 2499 pestis
884 2416 1060 2500 cupiditas,
1093 2437 1175 2500 quae

124 2524 150 2564 rs
166 2505 249 2568 solet
272 2524 407 2587 egenos,
435 2525 515 2587 quos
543 2504 641 2587 capit,
672 2504 813 2584 efficere,
841 2504 917 2568 dum
945 2505 1044 2569 finem
1071 2504 1175 2587 inqui-

163 2592 253 2655 rendi
271 2613 338 2657 non
356 2592 488 2675 invenit,
509 2592 565 2655 sed
585 2614 623 2656 eo
643 2592 758 2676 magis,
778 2614 841 2676 quo
856 2593 954 2656 fucrit
968 2593 1176 2676 locupletata,

234 2803 268 2878 '1
288 2797 438 2865 perhibent
455 2797 490 2854 L.
551 2804 567 2852 5
586 2799 703 2920 sparsip]
722 2816 740 2854 1
758 2799 860 2868 sparsis
879 2800 912 2854 L.
974 2805 989 2853 '1
1009 2801 1121 2854 auctora
1139 2801 1174 2854 L.

165 2868 301 2922 avaritiae
328 2868 363 2921 B.
402 2869 541 2922 confertur
568 2869 641 2922 LV.
692 2873 767 2923 ertur
795 2875 842 2924 cet.
958 2875 973 2923 9
999 2871 1112 2938 patrata
1139 2871 1176 2927 B.

166 2945 199 2992 10
217 2936 367 2992 haberetur
385 2939 419 2992 L.
446 2939 571 3006 parvitas
590 2939 669 2993 L.R.
725 2946 756 2992 11
777 2939 896 3008 contigit
910 2940 943 2994 L.
971 2940 1111 3010 contingit
1128 2947 1176 2995 cet.

165 3015 198 3063 12
217 3011 298 3077 turpe
318 3008 384 3062 dum
398 3009 432 3063 P.
459 3008 641 3078 turpitudinis
660 3010 695 3064 R.
721 3010 803 3078 turpe
823 3009 980 3065 devitamus
993 3011 1024 3066 V.
1032 3013 1067 3066 B.
1092 3015 1176 3080 turpe

164 3079 287 3134 vitamus
305 3078 340 3134 L.
397 3085 430 3132 13
448 3087 531 3134 nocte
551 3080 582 3134 V.
602 3081 667 3135 note
681 3079 715 3134 L.
735 3085 804 3134 ncta
820 3080 895 3136 RB.
954 3088 987 3135 14
1006 3081 1129 3150 tegenda
1142 3082 1175 3136 P.

164 3149 286 3204 tenenda
303 3149 379 3205 L.R.
406 3150 549 3204 tendenda
567 3150 597 3205 V.
625 3150 861 3220 nocte-flagitia
878 3167 928 3207 om.
946 3151 982 3205 B.
1010 3152 1127 3206 fecimus
1141 3153 1176 3206 L.

165 3221 274 3290 agimus
293 3219 325 3274 V.
352 3219 506 3289 castigetur
523 3221 599 3275 RB.
625 3221 745 3290 castiget
764 3222 797 3275 L.
806 3221 836 3274 V.
863 3222 909 3275 lex
927 3222 1049 3292 castiget
1066 3223 1102 3279 R.
1129 3223 1178 3275 lux

165 3291 285 3357 castiget
303 3289 439 3346 Riobercr.
491 3295 524 3344 15
544 3293 688 3346 vulnerare
707 3291 743 3347 R.
768 3291 911 3347 vulnerari
929 3298 976 3349 cet.
1031 3298 1065 3347 16
1083 3293 1178 3362 rigare

164 3359 198 3412 L.
206 3360 285 3413 RB.-
308 3359 410 3415 rimare
430 3361 465 3415 R.
493 3360 589 3415 rimari
609 3363 641 3416 V.
668 3378 768 3430 rugare
788 3363 861 3416 Keil.
943 3367 975 3416 17
995 3364 1122 3432 plaustro
1141 3362 1178 3416 L.

166 3435 199 3482 18
219 3430 338 3498 secreta]
358 3434 435 3486 secta
452 3432 521 3484 L.B
610 3439 642 3486 19
660 3432 794 3486 rimamus
813 3432 848 3486 R.
929 3439 963 3487 22
982 3436 1125 3489 vastamur
1143 3434 1178 3488 L.

165 3500 199 3548 24
218 3498 431 3575 feracissimaL.
465 3507 499 3555 21
518 3503 594 3570 cepit
603 3503 638 3556 B.
657 3501 819 3571 requirendi
828 3503 864 3558 B.
896 3507 931 3558 26
951 3521 984 3558 eo
994 3505 1084 3573 magis
1094 3503 1130 3558 R.
1150 3506 1181 3557 et

165 3579 256 3632 magis
276 3567 349 3620 LP.
378 3571 468 3636 magis
488 3571 560 3624 V.B.
