2622 3932
59 189 61 194 ‘
167 193 231 257 114
321 190 535 245 1111111111
554 189 631 244 con
650 189 809 244 nrunmo
829 188 1016 244 contario.
1127 250 1129 257 ¹

165 355 269 419 imbre
300 354 454 438 spelunca
491 374 588 436 quam
618 353 748 437 tegula,
780 351 870 416 cuius
902 352 1051 435 geminus
1081 353 1177 417 nobis
1214 350 1219 360 '

166 465 242 508 usus
267 446 317 506 est
339 440 532 506 mansionis:
558 441 635 504 dum
657 439 806 517 vivimus,
829 439 958 523 proficit
982 441 1078 521 vitae,
1102 440 1179 504 dum

166 531 331 613 morimur,
355 531 548 614 sepulturae.
584 528 702 594 Nullus
722 528 807 610 apud
830 549 891 592 nos
914 529 1076 610 pretiosus
1100 529 1179 592 ami-

58 651 60 655 *
166 624 239 683 ctus
264 622 320 701 est,
343 619 434 682 nulla
457 617 558 682 vestis
580 618 690 681 fucato
714 617 822 680 colore
847 615 1036 681 contexitur.
1078 615 1179 680 Mem·

141 708 226 774 ebra
248 706 363 790 papyri
387 705 545 790 tegmine,
573 706 623 770 vel
647 705 732 789 quod
761 708 811 768 est
835 704 955 787 verius,
982 704 1105 789 pudore
1128 726 1180 768 ve-

166 796 283 861 lantur.
320 793 472 858 Feminae
495 796 660 858 nostrates
683 814 749 858 non
773 796 938 875 ornantur,
961 798 999 856 111
1017 793 1178 876 placeant,

166 903 247 968 qnae
272 883 402 965 quidem
430 887 695 964 ornamentorum
723 881 844 945 cultum
873 881 977 965 magis
1006 881 1097 944 oneri
1125 881 1204 943 de·-

165 975 293 1055 putant‘
322 993 419 1054 quam
449 970 565 1034 decori.
616 969 747 1034 Etenim
779 969 927 1033 nesciunt
958 969 995 1032 in
1032 967 1174 1052 augenda

165 1059 404 1144 pulchritudine
427 1059 499 1141 plus
524 1059 688 1142 affectare,
717 1079 813 1141 quarn
842 1060 938 1121 natae
962 1061 1046 1122 sunt.
1090 1053 1172 1118 Nam

127 1172 153 1211 ro
168 1148 239 1232 quis
253 1150 462 1231 potestxopus
480 1149 616 1210 naturae
636 1145 819 1230 corrigere?
853 1144 946 1219 Quod
966 1166 1037 1210 cum
1055 1144 1173 1206 factum

168 1235 274 1318 fuerit,
297 1237 354 1298 aut
376 1234 614 1299 infructuosum
640 1237 697 1317 est,
721 1233 797 1317 quia
820 1233 968 1318 vincitur,
993 1237 1049 1297 1111
1071 1228 1175 1296 orimi-

166 1345 299 1404 nosum,
322 1322 397 1405 quia
420 1323 647 1406 praesumitur.
692 1319 811 1385 Nullus
835 1321 919 1404 apud
942 1344 1002 1386 nos
1026 1321 1179 1398 incestus,

167 1411 292 1474 nullum
324 1411 533 1494 adulterium,
565 1409 656 1475 nulla
688 1410 851 1491 corruptio
881 1410 1073 1474 nominatur.
1126 1405 1179 1468 Ad

168 1499 376 1563 concubitum
394 1520 459 1563 non
479 1499 630 1564 admonet
648 1520 708 1562 nos
727 1498 837 1581 libide,
861 1498 916 1561 sed
935 1494 1055 1560 subolis
1075 1513 1177 1556 amor.

128 1613 153 1653 15
167 1585 243 1651 Non
270 1587 419 1652 novimus
448 1609 589 1652 amorem
617 1587 680 1650 nisi
708 1587 823 1670 pium.
856 1582 1020 1648 Abortivis
1049 1579 1178 1643 actibus

167 1675 340 1758 procedere
363 1675 453 1740 foeta
480 1675 647 1740 nascentia
675 1696 740 1738 non
763 1677 909 1738 vetamus
935 1691 992 1734 nec
1019 1668 1106 1731 intra
1130 1667 1178 1731 vi-

168 1785 243 1826 vum
262 1784 378 1847 corpus
397 1767 535 1827 mortem
554 1763 736 1827 invehimur
756 1762 897 1826 alterius.
932 1758 971 1822 In
986 1755 1177 1821 hominibus

169 1850 387 1934 concipiendis
411 1850 594 1914 sterilitatis
623 1851 712 1914 obitu
736 1850 868 1913 minime
897 1849 990 1911 deum
1018 1866 1077 1909 suo
1107 1844 1178 1907 iure

167 1937 333 2020 privamus
365 1959 425 2002 nec
460 1939 495 2002 in
526 1938 681 2020 rapienda
711 1938 779 2001 vita
814 1935 1021 2020 superstitum
1060 1931 1178 2016 gladiis

128 2045 154 2085 eo
169 2045 320 2110 urgemus
351 2027 511 2089 morantia
539 2026 596 2090 fila
626 2025 809 2089 Parcarum.
859 2025 959 2087 Arma
987 2043 1052 2086 non
1082 2019 1180 2084 sumi·

168 2136 249 2198 mus,
272 2113 360 2177 bella
382 2135 450 2178 non
468 2115 618 2198 gerimus.
655 2113 771 2177 Pacem
792 2112 943 2189 moribus,
965 2130 1032 2173 non
1055 2108 1178 2172 viribus

169 2203 403 2266 confirmamus.
451 2200 528 2266 Sola
549 2202 680 2266 fortuna
704 2205 762 2282 est,
785 2200 937 2265 aduersus
960 2219 1059 2281 quam
1082 2215 1179 2278 saepe

167 2310 351 2373 pugnamus
375 2294 408 2354 et
432 2311 527 2373 saepe
545 2289 713 2371 vincimus,
737 2310 817 2371 quae
839 2285 1056 2352 temeritatem
1075 2305 1180 2364 suam,

168 2400 229 2442 nos
253 2381 398 2461 experta,
422 2378 578 2460 deplorat.
624 2376 672 2440 De
695 2377 772 2440 fatis
795 2376 878 2440 nihil
901 2374 1078 2458 querimur,
1102 2371 1181 2455 quia

130 2485 155 2526 rs
170 2468 369 2547 potestatem
397 2465 462 2529 illis
487 2469 599 2530 contra
622 2486 682 2528 nos
705 2467 792 2528 recte
816 2463 940 2548 agendo
964 2483 1031 2526 non
1054 2460 1180 2523 damus.

168 2551 306 2616 Mortem
329 2574 395 2616 non
417 2553 574 2635 patimur,
602 2551 666 2615 nisi
695 2573 790 2634 quam
820 2555 909 2614 aetas
934 2550 1049 2613 affecta
1072 2551 1182 2631 porta·

169 2641 261 2704 verit.
298 2637 402 2704 Nemo
427 2640 562 2723 denique
582 2660 698 2721 parens
722 2639 783 2701 filii
806 2639 980 2702 comitatur
1003 2635 1182 2719 exsequiae.

170 2724 270 2790 Nulla
292 2748 351 2789 nos
375 2728 570 2791 exstruimus
594 2727 698 2790 instar
718 2725 913 2809 templorum
937 2724 1109 2807 sepulchra
1128 2722 1183 2786 de·

260 2966 434 3036 lgeminus]
453 2968 590 3034 gremium
614 2967 645 3022 V.
725 2967 913 3033 aquirrium
931 2966 967 3020 B.
1041 2972 1066 3034 ,4
1085 2965 1186 3020 fucato

172 3037 246 3101 Ρ,Β.
266 3036 375 3090 fuscate
394 3037 428 3091 L.
454 3037 574 3090 fuscatio
593 3038 617 3104 (s
637 3043 661 3090 et
679 3035 690 3088 i
708 3041 788 3104 cras.)
806 3035 837 3092 V.
863 3035 982 3090 friscario
1002 3035 1039 3090 R.
1096 3040 1112 3089 5
1132 3053 1186 3104 pu-

172 3107 239 3161 dora
257 3107 291 3161 L.
370 3106 512 3178 8decori]
531 3107 629 3161 honori
648 3107 683 3160 B.
761 3105 1067 3176 9natae]nactae1t.
1096 3123 1187 3174 quam
1243 3149 1245 3158 .

171 3194 226 3244 qna
245 3177 327 3232 natae
347 3177 420 3231 Keil.
490 3183 523 3230 10
542 3176 647 3230 factum
671 3176 706 3231 R.
725 3193 775 3231 om.
795 3182 841 3230 cet.
915 3178 949 3229 15
968 3175 1059 3246 pium]
1079 3192 1187 3244 purum

173 3248 249 3302 Ρ,Β.
327 3252 360 3299 16
378 3248 518 3317 vetamus]
538 3245 666 3300 novimus
684 3247 720 3300 B.
748 3245 910 3315 praecidere
934 3247 1002 3299 foet.
1026 3261 1102 3300 naso.
1126 3262 1187 3300 non

171 3317 298 3370 novimus
324 3316 398 3370 Bisa
490 3322 522 3370 18
548 3315 750 3383 conspiciendis
775 3315 850 3369 Ρ,Β.
888 3313 969 3370 obitu
996 3316 1030 3370 P.
1073 3316 1188 3370 obitum

172 3383 247 3438 LR.
276 3384 368 3439 officio
393 3387 424 3441 V.
453 3387 488 3440 ob
508 3403 619 3439 causam
635 3386 669 3440 B.
699 3385 817 3440 obtentu
835 3385 971 3440 Rioberer.
1032 3392 1066 3440 23
1087 3389 1188 3456 saepe]

173 3455 330 3520 semperR.
394 3462 429 3510 24
446 3457 476 3510 in
493 3472 543 3509 nos
563 3462 677 3523 experta
696 3456 731 3509 B.
761 3456 921 3522 quaerimus
945 3453 1022 3512 LE.
1087 3462 1123 3512 28
1143 3458 1189 3512 in·

173 3521 304 3574 struimus
323 3522 356 3574 1..
364 3524 395 3576 V.
