2648 3924
177 219 219 282 74
466 191 470 194 ’
600 219 709 274 ursan
726 220 760 276 u.

175 381 321 448 sentibus
341 381 518 446 commodis
538 383 753 466 periculorum
773 384 878 467 gloria
895 384 1116 468 praeoptanda
1135 386 1187 452 sie.

174 470 250 537 Non
274 471 359 534 enim
388 471 417 534 ei
441 471 598 536 orationis
622 473 804 556 plusculum
828 471 863 536 in
887 473 1010 537 curiam
1034 473 1186 538 detuleri-

175 580 247 624 mus
276 562 332 624 aul
360 562 490 643 complu
519 560 596 624 salis
629 564 727 644 alque
760 560 926 626 ornatiora
953 563 1053 627 verba
1080 575 1186 646 prom-

175 648 350 732 pserimus,
378 647 463 717 exim
490 648 585 712 nobis
613 647 735 731 aliquid
758 648 876 714 virium
904 671 1108 716 accessurum
1135 652 1187 716 esi

39 811 47 818 ·
147 740 209 801 sel
232 757 322 801 arma
343 735 534 802 fabricanda
556 757 643 801 nova
665 737 705 800 de
727 736 843 802 verbis.

265 823 323 890 11.
363 825 408 889 Aa
438 825 523 890 dices
553 844 709 908 magnum
738 825 832 890 illum
862 828 895 890 et
923 827 1249 908 polenlissimum15.

172 935 283 998 regem
311 911 452 977 Xerxem
480 913 597 998 fuisse,
630 913 686 978 sed
717 914 854 979 eundem
882 917 996 979 noslro
1027 921 1186 1000 apparalu
1230 954 1232 958 ·

174 1004 369 1086 superatum.
407 1001 581 1067 Donamus.
618 1001 663 1066 nt
681 1023 876 1086 quamquam
894 1002 981 1067 haud
1000 1003 1096 1068 dubie
1114 1025 1186 1088 pro·

172 1090 329 1154 fidendum
358 1089 401 1154 sii
428 1111 488 1155 nos
517 1089 605 1156 illius
631 1090 752 1155 viribus
780 1091 922 1156 minores
952 1091 1049 1176 longe
1075 1093 1185 1177 fuisse,

134 1198 161 1238 ιο
175 1179 311 1244 consilio
334 1199 411 1242 roro
434 1178 485 1243 vel
512 1178 684 1262 prudentia
706 1179 861 1263 potiores,
889 1200 976 1244 nunc
1000 1184 1109 1244 tamen
1138 1180 1186 1245 in·

173 1266 287 1350 telligo
316 1266 473 1350 videoque
507 1288 548 1331 ne
579 1267 661 1331 illud
694 1267 823 1350 quidem
851 1267 1038 1334 Alexandro
1066 1269 1185 1353 deesse,

173 1376 237 1438 quo
257 1376 276 1418 a
293 1354 389 1420 nobis
407 1354 531 1420 Xerxes
549 1355 693 1438 poluerit
711 1356 867 1440 superari.
899 1355 1066 1421 Trcdecim
1084 1357 1184 1446 ferme

173 1443 240 1507 iam
257 1462 391 1508 numero
411 1443 480 1508 eius
499 1443 585 1508 bella
602 1445 726 1527 pariter
744 1448 776 1508 et
789 1444 946 1510 vicioriae
965 1447 1184 1528 numerantur,
1281 1448 1283 1450 ’

173 1531 387 1617 civitatesque
406 1532 456 1596 illi
474 1532 671 1617 innumerae,
690 1533 767 1617 quin
787 1533 886 1598 immo
905 1533 1091 1616 provinciae
1109 1554 1184 1597 con-

131 1639 310 1700 rasensere,
332 1624 391 1685 aul
414 1641 497 1704 quae
515 1621 738 1686 contumacius
757 1625 874 1704 sponte
897 1621 1007 1686 cedere
1030 1622 1185 1686 (10110010-
1228 1681 1230 1685 .
1312 1589 1316 1666 l

171 1707 293 1792 verini,
322 1709 523 1792 subiugalae.
573 1709 662 1784 Quae
686 1729 783 1792 quam
807 1709 887 1775 dant
914 1709 1060 1775 consiliis
1088 1711 1184 1794 viam,

171 1797 235 1862 nisi
257 1802 294 1862 ut
318 1797 462 1880 periculo
487 1794 675 1860 careamus?
721 1795 881 1861 Videlicet
909 1796 999 1881 Tyrii
1027 1799 1185 1883 imbelles,

171 1889 209 1949 ul
232 1885 279 1949 aii
301 1883 475 1964 Demades,
502 1883 592 1947 fuere
620 1886 653 1947 01
679 1883 798 1948 idcirco
829 1886 982 1967 superaii.
1027 1885 1081 1949 Illi
1108 1889 1184 1951 sunl

172 1971 276 2055 Tyrii,
306 1971 361 2055 qui
389 1971 564 2036 adversum
588 1971 725 2036 classem
753 1971 955 2036 innumeram
981 1972 1081 2037 Xerxi
1109 1995 1183 2040 con·

129 2079 158 2118 ao
171 2059 383 2124 fidentissime
417 2059 606 2123 restiterunt
646 2063 744 2143 alque
781 2078 854 2124 eam
891 2060 1041 2144 deinceps
1077 2062 1184 2126 incen-

171 2148 296 2214 derunt.
345 2147 503 2231 Incrmes,
532 2147 652 2231 inquit,
679 2147 835 2214 Thebani.
880 2147 977 2214 Illine
1006 2150 1062 2232 qui
1089 2169 1184 2215 omne

172 2257 285 2302 aevum
308 2256 501 2320 omnemque
524 2239 665 2300 aetatem
694 2255 786 2301 suam
809 2253 875 2302 nou
902 2237 937 2301 in
961 2237 1063 2302 bellis·
1078 2239 1184 2324 modo,

170 2345 283 2389 verum
306 2324 341 2388 in
363 2323 509 2390 victoriis
533 2325 824 2408 consumpserunt?

263 2411 319 2479 12.
352 2413 452 2478 Addit
476 2413 573 2478 eliam
597 2413 849 2496 Peloponnesios
872 2435 939 2479 non
962 2414 1047 2480 bello
1070 2417 1183 2501 vicies,
1202 2425 1247 2477 16.

129 2519 158 2559 25
171 2502 228 2567 sed
255 2502 341 2567 fame
369 2503 486 2587 lneque
514 2505 697 2587 superatos:
726 2502 843 2587 quibus
871 2501 1001 2586 quidem
1024 2504 1183 2588 Pelopon-

170 2590 270 2655 nesiis
292 2590 514 2656 Alexandrum
542 2591 621 2656 selis
649 2594 780 2657 constal
800 2591 965 2668 frumenta
987 2613 1114 2676 quoque
1138 2593 1183 2656 la·

170 2678 361 2780 borealibus
376 2679 540 2766 direxisse,
559 2679 638 2744 adeo
657 2683 694 2744 ul
708 2678 886 2766 Anligono,
904 2679 984 2744 duee
995 2678 1181 2763 Alexandri,

260 2897 346 2950 3aul
364 2895 400 2950 A.
428 2900 461 2951 ul
479 2895 510 2950 P.
540 2897 612 2950 011.
686 2895 886 2952 biabrieanda
904 2901 931 2951 P.
960 2895 1069 2951 fabrica
1087 2896 1122 2951 A.

260 2966 309 3025 11.
349 2971 364 3020 6
388 2967 427 3020 At
454 2965 530 3020 dices
558 2982 691 3035 magnum
718 2966 799 3022 illum
826 2974 854 3024 1.
863 2968 896 3021 P.
934 2965 1021 3042 Addis
1049 2983 1183 3039 magnum

169 3037 241 3092 illud
259 3036 296 3091 A.
332 3036 510 3106 potissimum
527 3044 555 3094 1.
616 3038 790 3107 lapparalu
809 3039 970 3107 superatum
989 3039 1063 3093 A.P.
1096 3055 1183 3109 appa·

169 3110 263 3163 ratum
285 3114 313 3160 1.
386 3108 451 3162 801
474 3121 643 3190 quamquam
666 3108 742 3162 haud
766 3108 850 3164 dubie
874 3108 906 3164 P.
945 3110 975 3164 eb
998 3127 1083 3178 quam
1106 3109 1183 3165 hand

170 3176 287 3233 dubium
304 3177 341 3232 A.
373 3195 500 3247 quamvrs
523 3179 599 3233 haud
622 3177 708 3232 dubia
729 3195 773 3233 res
791 3185 819 3234 1.
920 3186 953 3234 10
972 3179 1017 3236 vel
1035 3180 1070 3235 A.
1108 3179 1182 3235 011.

168 3254 200 3362 ii
218 3293 250 3349 P.
295 3299 328 3347 11
348 3293 382 3348 aa
401 3291 561 3347 Alexandro
579 3299 606 3347 r.
654 3297 685 3346 12
705 3288 760 3361 quo
779 3294 856 3350 nr.
886 3295 961 3363 quoa
979 3300 1007 3347 r.
1043 3293 1136 3362 posuis
1154 3301 1182 3350 r.

173 3364 317 3418 1111101.
356 3368 389 3418 16
409 3363 557 3432 subiugata
572 3363 607 3418 A.
632 3376 703 3431 quae
722 3379 772 3420 om.
786 3371 814 3418 1.
840 3364 952 3420 consilii
966 3370 993 3418 1.
1032 3369 1064 3419 17
1084 3379 1182 3419 eavea-

169 3449 232 3486 mus
250 3440 278 3486 1.
289 3435 324 3503 (1)
365 3439 399 3487 20
418 3449 480 3488 eam
498 3432 533 3488 A.
540 3433 572 3488 P.
596 3433 715 3488 eandem
733 3439 761 3488 1.
803 3440 837 3489 21
857 3451 957 3490 aevum
976 3435 1048 3490 AP.
1072 3452 1136 3490 eum
1154 3441 1184 3492 1.

170 3507 205 3555 23
225 3505 457 3570 consumpserunt
474 3505 540 3560 nP.
573 3507 773 3560 consenserunt
791 3507 826 3562 A.

260 3570 308 3624 12.
341 3572 469 3627 1410110
488 3580 515 3627 1.
544 3573 648 3627 abillo
668 3574 742 3629 AP.
