2650 3920
166 219 210 284 80
582 219 700 292 uisas
718 220 751 274 u.

167 379 346 465 legationes
375 384 500 446 vestras
529 381 656 445 naviter
684 383 769 466 apud
797 380 916 466 Cyrum
946 389 978 447 et
1007 384 1180 449 efficaciter

168 472 376 553 prosecutum
395 470 503 534 curiae
522 473 651 535 vestrae
675 472 839 537 consortio
864 473 1086 558 abrelegastis.
1124 472 1180 539 Sa'-

167 557 309 642 pientiae
329 557 465 641 denique
484 559 587 623 totius
612 558 698 641 apud
721 580 779 624 vos
799 557 965 625 Socratem
986 561 1179 647 magistrum

168 644 384 710 iniustissima
411 648 515 711 morte
543 646 717 712 multastis
770 647 897 732 Ingrati
924 648 1093 734 Philippo,
1126 651 1180 734 qui

141 732 277 798 utribus
305 735 401 798 bellis
435 734 554 798 auxilio
583 735 676 798 vobis
704 739 737 798 et
765 737 920 820 subpetiis
948 737 1030 819 fuit,
1064 739 1181 822 quique

170 822 351 908 queramini
370 823 409 886 de
429 822 613 887 Alexandro
633 823 725 889 velut
743 825 785 888 ob
804 822 999 910 Stesagoras
1018 827 1181 910 iniuriam,

169 931 250 994 quae
277 911 381 974 omnis
405 909 567 975 vindictae
591 915 718 976 vestrae
742 913 932 997 profecerat.
977 914 1068 978 Idem
1095 915 1180 978 enim

169 997 364 1082 Stesagoras
394 998 592 1064 sacerdotem
620 998 854 1064 Atheniensem
883 1001 1053 1065 sacerdotii
1081 1002 1181 1065 vestri
1263 1016 1266 1019 ·

168 1085 327 1170 dignitate
351 1087 542 1170 privaverat.

128 1198 154 1237 ιο
259 1173 316 1239 18.
342 1174 519 1240 Enimvero
544 1177 696 1260 quoniam
715 1177 781 1240 ista
803 1177 883 1241 haec
905 1199 990 1241 nunc
1009 1177 1118 1241 omnia
1142 1200 1180 1242 ex
1201 1188 1248 1239 24.

169 1263 276 1328 animo
301 1267 334 1328 et
351 1263 509 1328 memoria
526 1268 640 1329 nostra
657 1265 781 1348 placuit
800 1265 933 1349 aboleri,
957 1266 1003 1331 sic
1021 1267 1116 1331 vobis
1141 1266 1181 1330 ad

167 1354 384 1435 praesentiam
407 1374 601 1437 responsum
624 1353 793 1418 habetote:
816 1355 972 1437 probatas
997 1354 1076 1419 mihi
1101 1355 1180 1420 satis

167 1440 379 1526 laudatasque
400 1463 469 1507 csse
490 1443 657 1507 suasiones
676 1441 840 1528 Aeschini,
859 1442 1035 1507 Demadem
1056 1465 1181 1529 quoque

168 1550 233 1593 non
252 1531 440 1614 improbari,
464 1532 550 1615 quod
568 1533 785 1596 constantiam
810 1554 903 1596 suam
925 1532 1049 1597 civibus
1074 1533 1181 1597 curiae

130 1641 155 1680 rs
168 1619 342 1702 probatam
371 1620 483 1702 vellet,
513 1620 568 1684 sed
597 1621 683 1683 enim
712 1619 839 1683 laudari
865 1621 1038 1705 praecipue
1064 1621 1181 1685 Demo·

170 1708 332 1790 sthenem,
361 1708 416 1790 qui
438 1729 521 1771 unus
545 1729 639 1771 verae
663 1706 817 1771 utilitatis
843 1713 875 1771 et
898 1709 1059 1774 commodi
1082 1709 1183 1775 vestri

169 1796 267 1856 tenax
295 1817 333 1857 ea
359 1793 467 1876 vobis,
498 1815 579 1876 quae
608 1798 717 1858 essent
746 1794 786 1857 ad
815 1795 993 1860 amicitiam
1026 1803 1182 1880 nostram,

171 1881 319 1944 suaserit.
358 1879 408 1944 Sit
425 1878 527 1963 igitur
544 1880 800 1945 Atheniensibus
820 1881 974 1966 dignitas,
997 1906 1080 1967 quae
1099 1887 1181 1949 clue

170 1967 235 2049 bat,
255 1989 359 2050 neque
378 1989 415 2030 ex
434 1988 486 2030 me
502 1969 675 2051 quicquam
690 1968 823 2032 dubium
838 1969 1072 2054 formidaverit,
1092 1973 1180 2036 cuius

126 2079 155 2118 20
169 2054 250 2118 haec
274 2058 324 2118 est
343 2055 394 2118 vel
418 2055 559 2120 maxima
582 2078 709 2120 summa
733 2057 922 2142 sententiae,
945 2063 983 2122 ut
1006 2080 1078 2123 cum
1101 2058 1182 2124 mihi

171 2143 340 2208 adversum
371 2143 528 2208 barbaros
552 2166 611 2228 pro
640 2145 793 2209 libertate
817 2147 979 2211 communi
1002 2147 1125 2212 bellum
1150 2152 1183 2213 et

169 2233 358 2297 inimicitias
383 2233 552 2318 elegerim,
575 2255 646 2297 eam
670 2233 841 2318 praecipue
865 2235 979 2300 urbem
1003 2235 1182 2301 Athenien-

110 2366 112 2370 ·
171 2321 254 2386 sium
287 2325 394 2406 tuear,
428 2343 509 2407 quae
542 2323 707 2386 theatrum
741 2323 903 2406 quoddam
936 2329 969 2388 et
1002 2325 1181 2391 communis

171 2411 259 2476 ouria
282 2411 430 2476 videatur
454 2432 523 2474 esse
549 2409 700 2476 Graeciae
724 2411 914 2478 universae?

127 2521 157 2562 25
262 2498 319 2564 19.
362 2496 445 2564 Cum
472 2499 506 2563 in
534 2499 619 2589 hanc
648 2501 843 2565 sententiam
871 2500 1054 2567 Alexander
1081 2502 1182 2567 Athe·
1202 2508 1251 2562 VI.

170 2589 337 2654 aiensibus
361 2587 591 2672 respondisset,
614 2589 751 2654 collecto
777 2591 916 2654 exercitu
939 2590 1182 2656 Lacedaemona
1200 2584 1250 2636 25.

170 2677 395 2760 proficiscitur.
428 2677 464 2741 ld
480 2678 566 2742 enim
582 2677 646 2742 sibi
660 2679 710 2742 vel
728 2679 1038 2763 opportunissimum
1053 2683 1182 2760 tempus
1310 2725 1311 2732 .

170 2763 417 2829 Lacedaemonii
442 2765 656 2851 adrogabant,
685 2789 747 2852 quo
771 2767 888 2832 virium
916 2787 1047 2830 suarum
1070 2771 1183 2850 poten-

262 2936 405 2992 lnaviter
431 2939 466 2992 A.
502 2939 625 3008 graviter
651 2939 685 2994 P.
726 2939 828 3009 Cyrum
853 2939 949 2995 Gracc.
980 2939 1083 3008 Tyrum
1106 2940 1182 2994 AP.

171 3015 188 3064 5
208 3009 311 3078 quique
330 3009 365 3064 A.
373 3009 407 3062 P.
478 3017 491 3064 7
511 3009 661 3078 profecerit
675 3012 708 3066 P.
778 3016 793 3064 8
813 3009 899 3064 vestri
918 3026 968 3066 om.
987 3012 1022 3066 A.
1043 3011 1183 3071 sacerdoti

171 3081 259 3137 vestri
273 3081 440 3149 dignitatem
450 3086 477 3134 1.
501 3081 657 3136 sacerdotio
671 3081 757 3135 vestri
769 3082 802 3136 P.
816 3081 980 3138 ¹sacerdotio
991 3082 1026 3137 A.

263 3152 309 3207 18.
344 3157 378 3205 10
396 3151 453 3206 ista
471 3152 541 3205 haee
559 3152 628 3207 Ar.
661 3152 718 3206 ista
736 3153 769 3207 P.
850 3158 881 3206 11
901 3156 1114 3209 nostraom.1.
1146 3155 1184 3207 ad

171 3221 360 3290 praesentiam
378 3229 406 3278 1.
439 3223 476 3277 ad
493 3223 654 3292 praesentia
672 3223 744 3278 mihi
762 3222 839 3278 A.P.
918 3230 952 3278 14
970 3223 1128 3293 improbare
1149 3224 1183 3278 P.

174 3298 207 3348 15
225 3294 329 3349 vellam
347 3294 384 3350 A.
416 3293 530 3349 laudare
549 3294 581 3348 P.
647 3300 679 3348 16
700 3296 728 3347 et
745 3293 814 3349 uA.
839 3311 868 3347 se
889 3295 923 3348 P.
991 3299 1024 3347 18
1042 3293 1130 3364 igitur
1147 3295 1184 3349 A.

170 3363 196 3416 ti
215 3365 250 3418 P.
285 3381 355 3432 quae
375 3381 443 3420 corr.
463 3367 495 3420 ia
513 3365 561 3431 qui
579 3363 615 3420 A.
676 3369 708 3418 19
729 3364 844 3418 dubium
863 3367 938 3421 codd.
968 3365 1062 3420 durius
1082 3366 1183 3420 Ebcrb.

171 3432 369 3489 formidaverit
385 3436 461 3490 AP.
489 3433 726 3490 formidaveritis?
799 3441 831 3489 11
853 3436 985 3491 adversus
1005 3437 1039 3491 P.

140 3553 142 3557 .
262 3505 310 3558 19.
349 3510 383 3559 15
411 3505 441 3559 in
469 3506 541 3559 hanc
569 3504 737 3560 sententiam
764 3506 842 3560 A.P.
890 3505 960 3561 haec
989 3507 1128 3563 sententia
1155 3516 1183 3564 1.

171 3578 207 3627 16
222 3573 385 3628 collectuA.
414 3576 664 3632 LacedaemonaP.
685 3577 804 3632 damona
812 3580 846 3632 A.
884 3584 918 3632 18
932 3577 1139 3635 Lacedemones
1149 3581 1183 3636 P.
