2654 3926
479 207 595 264 ORTUS
613 209 834 270 ALEXANDRI.
1119 209 1162 274 41

152 397 225 439 cum
245 373 352 439 dicata
371 372 454 438 mihi
472 374 587 438 merito
607 394 735 458 quoque
755 375 822 440 sint
840 397 931 440 meae
950 395 1044 440 areae
1064 375 1168 438 trans-

152 465 258 547 vecta,
286 462 372 547 quid.
393 461 589 527 dubitationi
618 461 769 527 relictum
797 468 882 546 erat,
909 465 987 548 quin
1015 484 1088 528 eum
1117 483 1169 526 me

152 551 309 635 crederes,
333 572 429 635 quem
449 551 677 616 auxiliatorem
699 552 761 617 tibi
784 552 999 637 religionibus
1023 553 1170 634 cooptas-

153 637 241 706 ses‘?’
265 638 316 704 Ad
339 640 420 704 haec
444 638 630 705 Alexandro
654 640 693 704 de
717 642 807 706 urbis
831 641 1049 726 perpetuitate
1073 661 1168 722 quae·
1187 647 1232 700 33.

151 727 247 811 renti,
266 732 300 793 et
319 749 361 792 an
379 729 520 792 nominis
541 729 591 795 sui
609 729 784 796 inhaesura
803 730 979 815 appellatio
995 727 1193 810 videretur,5

154 817 244 883 visus
273 819 322 882 est
350 816 428 881 deus
456 838 555 882 manu
582 839 652 883 sese
681 818 931 903 adprehendisse
962 816 1099 900 exinquo
1130 815 1170 879 ad
1250 881 1251 884 ,

153 905 279 970 editum
299 905 486 989 celsumque
510 905 684 972 admodum
707 912 854 973 montem
877 929 942 972 una
962 903 1101 989 duxisse,
1125 907 1171 968 at

156 1015 217 1079 que
236 992 356 1058 ibidem
376 994 569 1059 consistenti
592 992 765 1079 ‘Potesne'
790 997 845 1079 ait,
868 994 900 1061 ‘o
923 999 960 1060 tu
983 992 1171 1076 fortissime,

154 1082 274 1147 molem
301 1081 387 1147 hauc
413 1082 537 1148 montis
566 1084 601 1147 in
629 1083 755 1150 diversa
778 1082 1025 1150 transducere?'
1072 1079 1170 1166 Negi-

153 1173 246 1235 tante
270 1170 457 1235 Alexandro
482 1170 657 1236 addidisse:
686 1172 791 1240 ‘Haec
815 1195 892 1260 ergo
916 1170 1096 1238 similitudo
1121 1171 1172 1234 est
1186 1191 1212 1230 ιο

156 1260 225 1324 eius
250 1259 375 1324 scilicet
398 1258 615 1341 difficultatis,
642 1283 739 1345 quam
763 1263 802 1327 de
830 1264 879 1328 tui
902 1261 1044 1329 nominis
1067 1263 1171 1324 muta-

154 1349 245 1414 tione
273 1347 444 1432 quaesisti.
495 1346 542 1412 Ut
568 1347 656 1412 enim
684 1354 819 1416 naturae
847 1351 972 1417 viribus
1002 1371 1077 1435 spes
1107 1348 1173 1412 ista

155 1437 319 1519 deficitur,
349 1433 435 1521 quod
467 1456 559 1500 mons
590 1439 702 1502 tantus
732 1439 804 1503 loco
833 1439 953 1504 mutari
982 1440 1095 1523 queat,
1124 1436 1172 1501 ita

155 1525 377 1610 possibilitate
396 1545 448 1589 res
469 1526 568 1609 caret,
587 1523 740 1590 inolitum
759 1547 879 1591 nomen
892 1530 985 1592 tuum
1000 1525 1073 1591 urbi
1086 1547 1173 1589 nunc

156 1614 305 1679 conditae
330 1612 409 1677 olim
432 1633 530 1697 posse
554 1612 694 1681 mutari?
1186 1631 1213 1672 15

245 1701 297 1766 Ibi
318 1701 422 1765 adhuc
441 1703 573 1784 petente
591 1700 789 1786 Alexandro,
808 1707 846 1767 ut
865 1703 928 1768 sibi
946 1704 985 1768 de
1003 1701 1068 1766 fine
1086 1699 1173 1766 vitae
1192 1709 1237 1760 34.

157 1790 235 1856 deus
259 1789 383 1874 aliquid
406 1789 577 1876 fateretur,
600 1791 635 1855 in
657 1791 738 1858 haec
761 1814 954 1877 responsum
977 1796 1056 1856 est:-

317 1910 389 1966 Prae
409 1913 510 1967 cuncta
528 1912 605 1968 vitae
624 1913 773 1969 commoda
791 1915 836 1968 est
853 1913 1021 1969 mortalibus

316 1983 358 2036 De
376 1983 431 2038 fine
438 2026 553 2040 .......
559 1985 685 2039 nescium

318 2051 480 2122 Quibusque
499 2054 583 2110 metis
600 2055 662 2110 fata
680 2055 848 2109 claudantur
866 2055 917 2109 sui.
1188 2067 1214 2106 ao

317 2123 396 2179 Mens
415 2125 522 2195 quippe
539 2125 659 2180 homulli
677 2143 734 2182 uon
751 2126 831 2181 videt
847 2125 1002 2193 venantia,

319 2195 399 2261 Quod
417 2196 488 2251 hacc
506 2197 642 2252 reformat
659 2213 761 2266 perpes
780 2197 843 2251 aevi
863 2198 1023 2251 aeternitas.

317 2266 391 2320 Nam
410 2266 434 2319 si
452 2267 575 2322 facessat
593 2283 707 2322 casuum
727 2267 857 2334 scientia,

318 2335 409 2390 Laeta
428 2339 471 2390 est
488 2337 598 2392 timoris
618 2338 709 2393 omnis
728 2338 877 2407 ignoratio.

320 2404 411 2469 Quare
430 2405 459 2460 id
477 2409 578 2475 putato
596 2409 658 2462 tute
678 2407 948 2476 commodissimum,

321 2474 351 2528 si
369 2491 434 2543 spes
452 2476 540 2531 futuri
559 2477 637 2532 nullo
656 2478 785 2534 foedetur
803 2479 888 2532 metu.

319 2545 395 2615 Ergo
415 2546 506 2613 hisce,
525 2564 598 2615 quae
616 2549 671 2617 fas,
690 2551 840 2615 instruere,
859 2549 892 2602 ut
909 2545 1059 2617 praescias.

321 2616 363 2670 Tu
382 2633 449 2671 nam
467 2618 578 2673 levatus
596 2622 695 2674 nostra
713 2617 924 2689 praepotentia,

321 2687 518 2757 Quaecumque
536 2706 606 2759 gens
625 2691 664 2744 sit
681 2689 777 2759 obvia,
797 2692 904 2744 sternes
918 2699 1015 2744 manu.

321 2759 453 2827 Tuncque
471 2759 542 2816 hacc
560 2761 664 2818 revises
683 2761 792 2829 auimo,
811 2760 883 2816 liber
902 2762 1026 2817 artubus.
1188 2777 1215 2818 ec

251 2942 264 2988 1
295 2935 389 2991 dicata
416 2937 451 2991 A.
490 2936 567 2993 dicta
594 2945 621 2993 Τ.
687 2955 767 2993 meae
796 2954 877 2994 areae
905 2946 932 2994 Τ.
969 2955 1035 2995 mea
1063 2953 1112 2992 ara
1138 2937 1175 2991 A.

161 3013 177 3061 3
198 3005 360 3062 coobtasses
379 3014 406 3062 Τ.
432 3008 575 3078 captasses
593 3009 630 3064 A.
683 3015 700 3062 4
719 3010 796 3065 urbis
815 3017 842 3066 u.
867 3010 942 3065 orbis
961 3012 996 3067 A.
1049 3013 1065 3063 5
1084 3022 1121 3062 an
1139 3007 1175 3062 A.

160 3077 197 3132 ad
215 3084 242 3132 Τ.
316 3080 383 3133 8tu
402 3094 453 3134 om.
473 3081 509 3133 A.
583 3085 616 3135 1³
636 3079 764 3136 deficitur
778 3088 805 3134 Τ.
830 3081 924 3136 deficit
941 3080 978 3136 A.
1052 3084 1085 3133 18
1104 3078 1176 3132 Prae

160 3150 262 3203 cuncta
280 3148 357 3204 vitae
376 3155 423 3205 etc.
448 3151 579 3206 carminis
602 3157 710 3207 tactum
732 3153 858 3219 frustula
880 3154 934 3222 lcpc'
954 3155 1069 3220 poscunt
1091 3149 1124 3204 ia
1146 3156 1173 3204 Τ.

161 3221 195 3287 cf.
215 3220 308 3288 praef.
392 3226 424 3274 19
448 3219 490 3275 De
514 3221 569 3276 fine
592 3224 699 3277 certum
721 3221 818 3277 finiere
841 3222 943 3290 quibus
966 3221 1050 3276 metis
1073 3219 1109 3276 A.
1142 3220 1176 3274 de

160 3289 183 3346 f.
196 3333 202 3346 .
213 3334 219 3346 .
231 3290 350 3346 eseiam
369 3289 539 3360 quibusque.
551 3291 601 3348 ‚tis
615 3299 644 3349 Τ.
672 3294 709 3347 dc
726 3293 781 3348 fine
800 3293 929 3348 fortunae
948 3293 1033 3347 lumea
1051 3289 1177 3346 nescium

160 3360 291 3416 Barcae.
329 3366 363 3415 22
383 3363 458 3430 quod
476 3363 546 3416 haec
560 3370 607 3418 u?
631 3379 703 3433 quae
721 3364 757 3419 A.
794 3369 829 3417 23
848 3363 971 3418 facessat
984 3370 1012 3418 Τ.
1034 3365 1127 3417 cessat
1139 3362 1176 3415 A.

161 3436 196 3485 26
215 3447 279 3501 spes
298 3431 386 3486 futuri
401 3436 526 3488 -metu
544 3449 594 3490 oen.
615 3441 642 3486 T.
736 3439 769 3488 27
789 3433 866 3488 hisce
885 3450 957 3502 quae
975 3433 1018 3487 fas
1035 3437 1051 3485 ἔ
1069 3432 1104 3487 A.
1132 3432 1177 3485 his

162 3518 319 3627 ἓξῒιῖιθῳιῗ.
330 3545 356 3560 .,
376 3509 404 3556 'L
428 3503 566 3559 instruere
584 3506 617 3558 ut
630 3511 657 3557 T.
681 3505 821 3558 instrucre
841 3505 871 3558 et
883 3505 919 3557 A.
966 3509 1000 3557 ³0
1019 3502 1135 3555 artubus
1149 3507 1176 3552 Τ.

225 3590 257 3627 us
306 3615 312 3627 .
