2654 3926
487 224 605 280 ORTUS
624 223 848 280 ALEXANDRI.
1125 223 1169 289 27

155 390 246 453 tutis.
280 388 363 452 Tum
381 387 484 472 igitur
497 388 672 471 pauculum
686 385 835 451 barbaris
853 387 993 452 indidem
1010 388 1169 472 separatis

156 476 241 541 ferre
265 499 284 540 a
307 497 341 540 ss
366 475 520 541 mandata
543 475 583 540 ad
606 475 742 540 Darium
770 475 874 541 iubet:
901 476 982 541 haee
1010 478 1072 542 sibi
1095 477 1169 541 Ale·

155 566 316 630 xandrum
343 564 495 629 nuntiare
522 565 575 629 vel
603 564 722 629 dicere:
751 564 831 628 boni
858 566 1041 630 consuleret
1068 571 1101 630 et
1129 566 1170 630 ab

155 653 218 719 hac
250 653 382 738 petendi
415 652 644 718 consuetudine
677 657 888 737 temperaret3
922 656 1041 739 quippe
1074 675 1170 740 quem

155 742 223 825 ipse
254 763 378 807 morem
407 741 555 826 petendis
583 741 730 825 pecuniis
760 741 945 825 indixisset,
975 743 1060 807 hunc
1088 765 1107 806 a
1135 764 1196 807 ses

157 831 305 914 protinus
329 833 479 894 exactum
502 830 552 914 iri,
576 852 703 915 unaque
727 852 801 895 oum
823 830 887 916 hie,
910 852 992 914 quae
1012 835 1088 895 ante
1107 831 1170 896 dis·

156 941 258 1003 pensa
282 919 357 1004 sint,
380 919 513 1002 propris
536 941 673 1004 quoque,
697 940 779 1004 quae
804 919 869 984 sint
888 917 1006 1003 Persis,
1028 918 1169 984 Alexan·

155 1008 250 1073 drum
273 1009 459 1091 petiturum.
504 1005 585 1072 Cum
603 1007 654 1072 his
679 1007 774 1072 dictis
799 1009 899 1093 exigit
922 1007 1071 1074 homines
1095 1031 1168 1092 pro·

155 1097 255 1161 ficisci
268 1119 309 1161 ne
322 1097 506 1161 litterarum
517 1097 648 1180 quidem
662 1117 772 1180 regem
786 1097 998 1179 responsione
1009 1096 1169 1181 dignatus.

154 1186 205 1249 Ad
216 1185 301 1250 hanc
312 1185 413 1250 animi
428 1184 495 1248 eius
506 1185 782 1271 magnificentiam
792 1185 963 1270 Philippus
974 1186 1168 1270 erigebatur,
1183 1205 1208 1246 ro

154 1275 242 1358 quod
256 1274 336 1338 adeo
351 1272 565 1337 confidentem
585 1276 619 1337 et
635 1273 832 1357 intrepidum
848 1297 921 1339 eum
935 1279 1072 1340 naturae
1092 1295 1168 1340 suae

153 1362 240 1428 bona
268 1363 416 1428 adserere
444 1361 633 1426 intueretur.
684 1361 791 1446 Igitur
820 1385 893 1428 cum
920 1364 1026 1429 vicina
1056 1385 1168 1428 rursus

154 1451 268 1517 civitas
300 1452 338 1516 de
370 1450 526 1533 obsequio
556 1449 740 1533 vacillaret,
772 1450 867 1515 datur
896 1451 1081 1517 Alexandro
1115 1474 1167 1516 ex-

153 1540 286 1623 peditio.
330 1538 516 1623 Pergitque,
540 1559 602 1622 quo
626 1537 751 1601 iussum
775 1542 833 1602 est.
1182 1561 1208 1600 14

245 1626 302 1693 ll.
318 1628 493 1692 Enimvero
509 1624 821 1692 iutereaPauranias
833 1627 1114 1711 quidamnomine,
1132 1632 1234 1688 XXIV.

153 1738 225 1781 cum
253 1716 376 1781 divitiis
407 1715 550 1780 adfluens
579 1719 649 1779 tum
679 1716 794 1798 opibus
822 1720 953 1798 potens,
981 1738 1020 1781 ex
1046 1717 1167 1800 oppido
1186 1719 1230 1770 10.

152 1805 404 1870 Thessalonicae
427 1804 555 1883 nobilis,
578 1805 612 1868 in
637 1802 839 1887 Olympiadis
863 1805 1057 1870 desiderium
1080 1827 1167 1870 amo·

151 1916 284 1979 remque
309 1894 415 1958 animo
439 1893 612 1978 prolapsus
636 1897 695 1958 est.
738 1892 896 1969 Quicum
919 1915 978 1978 per
1000 1895 1167 1959 internun-

151 1985 214 2048 tios
245 1983 494 2066 adtemptasset,
525 1981 639 2066 ecquid
667 1982 783 2046 mulier
810 1983 1010 2048 consentiret
1037 1984 1165 2047 deserto

151 2071 303 2155 Philippo
323 2072 364 2136 ad
388 2092 458 2136 sess
477 2070 700 2153 transsubere,
724 2091 826 2153 neque
845 2071 878 2135 id
897 2071 927 2135 ei
946 2092 985 2135 ex
1005 2072 1166 2136 sententia
1180 2093 1207 2132 ro

151 2161 365 2243 provenisset,
384 2159 584 2242 comperiens
604 2159 707 2222 filium
722 2157 876 2242 Philippi,
895 2159 985 2224 cuius
1007 2159 1086 2223 adeo
1101 2158 1166 2223 for·

151 2247 347 2312 midolosum
365 2246 399 2310 in
419 2268 530 2311 omues
550 2246 681 2310 adcolas
701 2250 771 2310 erat
789 2268 917 2330 nomen,
938 2268 1072 2332 peregre
1091 2269 1166 2330 pro-

151 2335 273 2399 fectum
306 2338 529 2417 certamenque
561 2334 722 2418 thymelae
755 2339 832 2399 tunc
869 2335 923 2419 agi
960 2357 980 2398 a
1011 2335 1165 2419 Philippo

151 2421 712 2593 llllllllallllllllllll
735 2422 1165 2592 llsll⁵5tlltltl
1179 2533 1205 2573 2.

150 2621 224 2664 cum
248 2599 346 2664 altius
371 2600 403 2661 et
425 2597 569 2662 letaliter
591 2597 675 2661 ictus
700 2601 794 2681 esset,
816 2598 915 2663 veluti
939 2599 1045 2663 caedis
1072 2599 1165 2664 abso·

30 2703 33 2712 '
150 2689 275 2753 lutione
296 2708 426 2752 securus
448 2685 488 2750 ad
502 2685 627 2770 regiam
641 2684 818 2751 Pausanias
833 2691 1008 2770 properato
1022 2687 1164 2771 festinat,

153 2780 248 2860 raptu
268 2776 394 2842 scilicet
410 2774 613 2858 Olympiadis
632 2775 793 2839 desiderio
812 2777 1027 2842 consulturus.
1059 2777 1165 2864 Igitur
1182 2791 1226 2842 11.

241 2951 426 3020 lpauculum
451 2949 482 3002 T.
519 2949 667 3019 paululum
689 2950 725 3006 A.
734 2949 768 3003 P.
805 2950 953 3018 parvulum
976 2951 1104 3007 barbaris
1126 2950 1164 3004 ir·

151 3020 242 3075 ridere
265 3019 372 3088 paratis
397 3021 437 3076 Ge
455 3037 492 3076 er.
579 3020 773 3075 binduxisset
795 3027 823 3075 τ,
860 3037 930 3076 ase
954 3023 989 3076 A.
1018 3022 1054 3077 ad
1077 3036 1107 3075 se
1130 3022 1163 3075 P.

152 3093 288 3146 oexactu
307 3090 343 3145 iri
363 3090 398 3145 P.
432 3037 556 3161 depensa
573 3091 606 3146 P.
686 3096 719 3145 10
737 3091 810 3146 hauc
828 3108 878 3148 om.
897 3092 973 3148 A.P.
1047 3096 1081 3144 14
1100 3091 1164 3144 Per-

151 3161 305 3285 pitqueAr.
369 3160 464 3231 pergit
489 3163 525 3217 A.
587 3161 668 3231 pergi
695 3179 806 3231 quoque
833 3163 940 3217 iussum
968 3165 1012 3217 est
1040 3161 1073 3216 P.
1084 3161 1163 3230 Epir.

148 3250 240 3287 russus
290 3273 295 3284 .

238 3303 287 3358 17.
321 3308 354 3357 16
383 3319 446 3356 eum
474 3308 501 3357 Τ.
542 3304 604 3358 tum
631 3303 705 3359 A.P.
750 3302 859 3358 deliciis
885 3302 1034 3372 Epitomae
1060 3302 1164 3358 codices

149 3375 278 3429 mlieres.
297 3373 333 3427 A.
367 3373 467 3442 opibus
486 3390 536 3428 om.
557 3379 583 3427 r.
656 3380 688 3428 19
708 3373 809 3440 ecquid
827 3379 854 3428 r.
883 3375 912 3428 et
931 3372 998 3441 quid
1017 3372 1050 3427 P.
1079 3374 1108 3427 et
1126 3372 1161 3428 A.

149 3443 336 3512 consentiret,
363 3446 396 3498 ut
412 3475 443 3483 -
458 3444 654 3499 transnuberet
680 3445 716 3498 A.
796 3448 831 3498 20
858 3459 948 3511 neque
976 3442 1006 3496 id
1034 3443 1163 3498 P.Mao'².

150 3513 235 3582 idque
254 3514 289 3569 A.
323 3514 414 3569 sentia
431 3515 468 3570 A.
537 3520 571 3569 25
590 3515 704 3569 vulnere
723 3513 869 3582 praevenit
887 3512 955 3568 M.
988 3512 1163 3581 Philippum-

152 3601 205 3652 que
223 3584 353 3640 vulnerat
372 3584 406 3641 P.
480 3590 514 3640 28
533 3584 637 3654 raptim
657 3585 690 3640 P.

1204 3799 1312 3874 C
