2648 3922
549 208 764 269 PRAEFATIO.
1070 209 1162 266 XXIX

314 366 489 454 Serapeum
515 371 614 454 1843,
637 392 667 453 p.
686 370 729 434 30
752 373 784 433 et
807 371 863 452 443
893 369 953 434 Iul.
977 370 1049 436 Val.
1071 370 1161 453 apia.

314 481 344 540 p.
358 457 453 541 v111;
484 457 618 542 Delisle,
648 458 747 522 Acad.
774 458 803 522 d.
831 457 981 542 Inscript.
1011 461 1051 523 12
1076 457 1163 543 Sept.

317 546 401 610 1879
426 551 458 610 et
480 545 648 632 Melanges
672 546 700 609 d.
723 547 866 631 paleogr.
893 550 926 610 et
950 547 988 610 de
1012 548 1164 633 bibliogr.

315 633 386 697 Par.
414 635 507 699 1880.

191 721 225 786 V.
250 751 291 773 =
316 719 442 786 Codex
465 721 783 786 Vindoboncnsis
809 723 886 802 150,
914 722 993 787 olim
1015 723 1164 790 Univers.

316 810 389 874 863.
420 811 504 892 apud
527 809 758 874 Endlicherum
781 808 839 874 Nr.
859 808 1000 876 CXCVI.
1031 811 1165 877 membr.

315 896 359 962 40.
383 919 464 961 saec.
482 896 562 961 XIII
587 895 642 984 (l).

191 983 224 1050 C.
249 1015 290 1038 =
316 983 441 1049 Codex
474 985 673 1050 Parisinus
701 985 771 1051 Lat.
801 986 908 1051 17569
943 986 1076 1051 membr.
1108 987 1163 1052 fol.

317 1073 441 1138 duobus
465 1074 623 1139 columnis
647 1095 729 1138 saec.
747 1073 812 1137 XII
836 1074 983 1157 scriptus.

187 1160 225 1226 P.
249 1191 291 1214 =
315 1160 441 1227 Codex
464 1162 665 1226 Parisinus
684 1162 753 1227 Lat.
777 1163 879 1245 4880,
907 1162 946 1226 de
975 1183 1038 1245 quo
1065 1183 1163 1245 supra
1224 1227 1227 1233 ,

316 1247 361 1335 (p.
378 1249 506 1333 XXIII)
531 1249 692 1334 copiosius
711 1249 844 1334 egImus.

245 1388 381 1456 Codices
411 1391 456 1474 L,
483 1390 532 1471 B,
562 1390 607 1473 C,
634 1391 679 1454 Μ
702 1412 739 1454 ex
770 1391 881 1454 eodem
909 1392 1083 1474 archetypo
1113 1390 1164 1454 de·

157 1479 270 1562 scripti
294 1483 370 1543 sunt
391 1501 478 1543 nunc
501 1478 677 1561 deperdIto,
701 1482 737 1543 ut
759 1478 893 1560 videtur,
917 1500 1010 1562 quem
1034 1484 1114 1544 nota
1139 1503 1165 1543 ω

157 1567 348 1651 significavi.
394 1565 427 1630 Is
451 1569 577 1630 textum
602 1565 775 1630 exhibebat
797 1565 1103 1649 interpolationibus
1127 1567 1165 1630 li-

156 1656 288 1736 berum,
318 1655 373 1717 sed
402 1653 573 1737 permultis
604 1653 683 1718 locis
714 1653 865 1717 mutilum
893 1655 1072 1737 misereque
1099 1675 1166 1718 cor·

157 1745 301 1825 ruptum.
346 1741 396 1804 Ex
419 1743 480 1807 hoc
504 1742 559 1827 qui
582 1742 706 1807 codices
730 1741 772 1823 L,
795 1742 841 1820 B,
867 1740 911 1825 G,
934 1741 981 1806 Μ
997 1742 1165 1806 transscri-

157 1832 308 1912 pserunt,
335 1829 417 1894 nihil
440 1835 566 1894 mutare
589 1831 639 1894 vel
664 1830 834 1894 emendare
863 1831 932 1894 ausi
962 1833 1038 1894 sunt
1066 1852 1103 1894 ao
1125 1851 1166 1893 ne

157 1917 356 1982 intellexisse
380 1918 509 2000 quidem
532 1917 692 2000 videntur,
716 1939 797 2001 quae
821 1918 1015 1983 scribebant.
1060 1918 1166 1993 Quare

158 2005 214 2089 qui
235 2009 362 2070 textum
385 2006 643 2070 constituendum
668 2007 858 2089 susceperit,
886 2006 926 2070 ad
954 2006 1015 2071 hos
1039 2006 1168 2090 potissi·

159 2115 247 2157 mum
274 2093 376 2157 libros
398 2093 487 2158 velut
515 2093 555 2156 ad
582 2094 689 2158 fontes
717 2093 795 2157 limo
823 2094 1079 2158 coniecturarum
1102 2116 1168 2158 non

158 2183 308 2246 turbatos
327 2203 453 2264 semper
471 2187 622 2247 recurret.
662 2181 713 2246 Ex
734 2181 846 2246 eodem
866 2182 1041 2266 archetypo
1066 2205 1092 2245 ω
1116 2182 1167 2244 vel

160 2291 198 2332 ex
216 2269 324 2334 codice
343 2269 439 2333 huius
454 2270 613 2353 persimili
629 2270 704 2333 libri
723 2269 944 2352 manuscripti,
964 2292 1044 2353 quos
1065 2269 1167 2354 signis

159 2357 201 2420 H
224 2361 257 2420 et
285 2358 316 2422 V
337 2359 537 2439 notavimus,
565 2357 734 2422 fluxerunt
783 2355 846 2420 Sed
876 2358 990 2421 horum
1022 2358 1167 2422 codicum

159 2444 285 2508 librarii
314 2467 371 2510 suo
400 2445 506 2510 Marte
535 2445 723 2529 saepissime
751 2447 875 2507 textum
903 2446 1073 2509 restItuere
1102 2449 1167 2508 stu-

160 2530 339 2618 duerunt¹).
385 2533 598 2616 Quaecunque
625 2534 727 2618 igitur
754 2532 838 2614 apud
866 2553 920 2596 eos
949 2532 1045 2597 aliter
1068 2536 1166 2616 atque

159 2620 194 2683 iu
219 2619 380 2685 codicibus
403 2621 445 2703 L,
468 2620 515 2697 B,
541 2619 585 2702 C,
608 2620 653 2683 M
675 2620 796 2703 scripta
818 2618 984 2705 leguntur,
1011 2642 1070 2704 pro
1095 2642 1167 2685 con·

160 2708 301 2792 iacturis,
322 2730 389 2772 non
412 2731 470 2792 pro
493 2709 691 2773 testimoniis
714 2707 864 2772 habenda
887 2712 969 2774 sunt.
1012 2708 1121 2774 Codex
1140 2709 1170 2777 C

251 2917 277 2985 1)
296 2917 337 2970 De
356 2915 470 2970 librario
490 2915 596 2971 codicis
614 2917 652 2981 H,
672 2917 720 2985 qui
739 2918 828 2973 multo
848 2919 981 2974 audacius
1000 2921 1066 2988 egIt,
1086 2936 1170 2987 quam

160 2985 292 3040 librarius
316 2986 420 3041 codicis
444 2987 476 3055 V,
500 2987 607 3056 optime
626 2987 730 3042 Zacher
753 2989 886 3044 disseruit
908 2991 937 3044 in
960 2989 1082 3043 editions
1101 2989 1168 3058 Epi-

160 3057 255 3110 tomae
270 3055 335 3110 Iulii
350 3055 458 3111 Valerii
476 3075 503 3126 p.
518 3058 556 3112 X:
575 3057 632 3112 Der
646 3058 788 3114 schreiber
801 3078 856 3115 von
871 3061 898 3114 Β
913 3058 1003 3127 (uobis
1018 3060 1063 3127 H)
1080 3060 1170 3128 stand,

161 3126 211 3180 der
224 3126 254 3180 in
267 3126 324 3180 Bac
339 3126 531 3182 henschenden
545 3129 766 3199 gelehrsamlreit
779 3130 992 3200 entsprechend,
1009 3147 1044 3182 an
1058 3128 1170 3185 kentnis

161 3197 218 3250 und
237 3197 407 3265 geschmaclr
427 3198 493 3252 weit
516 3199 585 3253 iiber
604 3200 653 3254 der
672 3199 817 3270 nledrigen
842 3201 914 3254 stufe
937 3199 1028 3253 seiner
1046 3200 1171 3268 vorlage‚

162 3267 220 3320 und
241 3267 292 3323 hat
307 3269 482 3337 demzufolge
497 3269 551 3323 den
564 3273 624 3324 text
638 3270 768 3324 ziemlich
781 3272 830 3337 oft,
849 3271 905 3323 und
919 3269 1002 3322 meist
1015 3268 1087 3323 auch
1101 3285 1172 3337 gana

161 3338 310 3405 geschickt
334 3341 484 3394 vertndert
508 3340 566 3394 und
587 3339 716 3394 wirlrlich
739 3343 908 3407 verbessert;
936 3338 1008 3394 doch
1034 3338 1099 3393 darf
1122 3340 1171 3394 der

161 3408 352 3478 herausgeber
373 3409 432 3463 ihm
455 3429 508 3463 nur
531 3411 595 3465 sehr
613 3410 768 3478 vorsichtig
790 3410 898 3478 folgen‚
922 3409 959 3464 da
982 3427 1012 3463 er
1035 3410 1089 3463 den
1111 3413 1173 3466 text

162 3477 247 3532 meist
265 3482 403 3534 corrector
425 3479 484 3533 und
503 3481 644 3549 eleganter
663 3481 798 3550 gestaltet
815 3481 877 3547 hat,
901 3480 943 3535 als
966 3481 1015 3535 der
1032 3481 1170 3536 versasser

162 3547 251 3604 solbet
268 3552 414 3605 vermocht
432 3552 490 3606 und
507 3551 697 3620 beabsiehtigt
715 3551 803 3606 hatte.
