2648 3924
486 247 602 303 AOTUS
622 247 848 304 ALEXANDRI.
1118 249 1159 314 67

146 431 224 496 pare
252 414 360 476 vatem
388 409 624 475 falsidicentiae
651 413 809 495 coeperat.
860 409 984 476 Verum
1013 413 1053 476 ad
1080 413 1160 478 haec

147 499 310 565 sacerdos:
334 497 395 564 ‘Ne
419 497 519 584 sane,'
542 498 657 584 inquit,
680 497 841 600 ‘mereare
859 499 916 602 his·
930 499 1034 602 dictis,
1058 502 1160 586 ovir3

145 611 222 654 nam
248 591 366 653 cuncta
390 587 470 671 ista,
500 608 659 671 quaeque·
673 587 859 652 hom1n1bus
886 589 1040 674 drvrmtus
1070 611 1161 674 prae-

144 680 332 760 noscuntur,
355 676 465 760 colligi
489 675 680 741 coniecturis
704 675 967 762 argumentisque
990 679 1158 762 praenosci
1179 705 1192 744 4

145 765 207 830 diis
222 764 321 832 sedet.
352 764 473 848 Accipe
488 764 625 849 denique
641 766 906 847 argumentorum
920 766 998 830 vias.
1032 766 1157 852 Quippe
1176 780 1214 835 3.'

145 854 281 919 utillud
300 853 443 918 melioris
463 853 534 937 spei
550 851 736 918 Alexandro
756 851 925 936 diceretur,
949 853 983 918 id
1002 856 1158 938 temporis

145 943 391 1027 supervenerat,
423 963 486 1025 quo
519 941 672 1026 insigniri
704 941 805 1006 vestis
837 942 972 1007 intextu'
995 964 1158 1028 purpurae

145 1034 305 1114 coeperat.
350 1030 389 1095 Id
412 1031 498 1095 enim
523 1031 652 1095 demum
680 1029 721 1094 ad
745 1035 971 1095 ornamentum
1000 1032 1044 1096 rei
1067 1054 1158 1115 prae-

144 1122 277 1202 paratae
301 1118 524 1205 adhibebatur.
568 1117 760 1198 Enimvero,
788 1122 825 1183 ut
848 1119 951 1203 vides,
978 1120 1044 1184 iam
1067 1123 1158 1186 textu

142 1207 243 1272 ferme
259 1208 421 1292 completo
440 1211 473 1272 et
491 1207 603 1272 labore
623 1208 733 1272 omnis
752 1207 860 1292 operis
879 1208 1028 1273 absoluto
1052 1212 1158 1274 tumet
1171 1236 1197 1274 10

142 1296 319 1380 ingressus.
369 1294 477 1380 Igitur
505 1297 591 1379 quod
619 1297 683 1360 ists
711 1296 811 1360 vestis
841 1297 881 1360 ab
910 1317 1007 1380 opere
1035 1297 1156 1362 laboris

141 1406 278 1468 pausam
308 1385 460 1468 haberet,
492 1384 613 1448 idcirco
644 1405 711 1450 non
742 1384 783 1448 ab
814 1405 848 1447 re
880 1385 986 1450 visum
1016 1388 1066 1450 est
1095 1386 1156 1451 tibi

143 1495 267 1558 quoque
286 1474 462 1538 terminum
480 1473 694 1556 magistratus
708 1471 876 1538 futurum?
908 1471 946 1537 ld
965 1495 1038 1537 cum
1058 1475 1155 1540 altius

142 1563 287 1628 animum
315 1560 511 1647 Stasagorae
543 1560 760 1626 descendisset
790 1561 949 1645 simulque
980 1565 1069 1626 metu
1098 1584 1155 1647 po-

22 1669 28 1680 ·
140 1651 265 1716 nendae
298 1653 464 1735 potentiae
494 1654 660 1736 ageretur,
693 1671 756 1734 quo
788 1653 879 1714 vates
913 1649 1058 1734 sibimet,
1089 1673 1155 1715 non
1170 1677 1195 1718 15

141 1737 335 1824 Stasagorae
363 1739 526 1804 contraria
548 1738 777 1822 praedixisset,
805 1739 910 1822 ipsam
938 1738 1028 1803 illam
1053 1760 1155 1803 sacer·

140 1827 230 1894 dotio
255 1826 369 1892 deduci
392 1827 492 1892 iubet.

231 1915 266 1982 2.
311 1914 404 1991 Quod
443 1937 515 1980 cum
549 1913 732 1980 Alexandro
769 1916 940 1979 nuntiatur
982 1914 1151 1980 adversum
1170 1928 1205 1985 ΙΙ.

139 2004 294 2070 iudicium
314 2007 347 2068 et
365 2004 505 2090 gratiam
525 2025 618 2068 suam
637 2001 849 2089 Stesagoram
867 2005 985 2088 nisum,
1009 2005 1152 2090 graviter
1175 2005 1200 2055 4·

139 2092 276 2157 infestus
300 2093 435 2157 eundem
457 2092 561 2176 illum,
583 2095 620 2156 ut
644 2092 864 2176 praedicatum
882 2094 989 2157 fuerat
1008 2115 1028 2157 a
1048 2115 1151 2158 sacer·
1165 2121 1192 2160 ro

140 2180 230 2264 dote,
260 2181 380 2265 spoliat
408 2181 602 2266 magistratu
631 2180 894 2264 sacerdotemque
922 2181 994 2246 loco
1023 2181 1153 2247 restitui

138 2269 238 2334 iubet.
284 2269 376 2346 Quod
405 2269 508 2353 igitur
531 2266 726 2355 Stesagoras
750 2270 961 2353 magistratus
988 2269 1028 2333 ab
1053 2268 1153 2334 Athe·

137 2358 304 2422 niensibus
325 2357 419 2422 datus
438 2359 531 2439 foret,
555 2380 593 2423 eo
617 2357 754 2422 recurrit
772 2356 882 2440 ibique
900 2357 1054 2421 iniuriam
1073 2358 1152 2423 facti

137 2445 258 2511 deflens
287 2467 382 2531 opem
410 2446 450 2510 ab
478 2447 542 2530 his,
571 2469 590 2510 a
619 2445 735 2530 quibus
760 2445 951 2529 dignitatem
978 2445 1068 2509 illam
1098 2467 1151 2511 ac-

137 2538 276 2619 ceperat,
300 2534 495 2618 imploravit.
533 2534 652 2599 Animo
672 2534 855 2598 incitatiore
874 2533 1090 2598 Athenienses
1109 2555 1149 2599 ne
1164 2561 1190 2602 25

137 2624 245 2688 verbis
265 2623 393 2707 quidem
412 2645 432 2688 a
450 2624 537 2708 regis
558 2622 753 2710 contumelia
767 2625 997 2706 temperavere.
1024 2621 1149 2698 Quibus

137 2711 279 2797 acceptis
317 2712 500 2776 Alexander
537 2711 572 2775 in
608 2710 693 2775 hanc
724 2711 919 2776 sententiam
949 2711 1075 2776 litteras
1109 2713 1149 2777 ad

135 2799 352 2866 Athenienses
377 2800 475 2866 dedit:
500 2799 671 2884 ‘Equidem
694 2821 746 2864 me
769 2801 836 2865 seio
860 2804 938 2885 post
961 2804 1145 2886 susceptum
1165 2819 1191 2870 5.

135 2890 239 2973 patris
269 2889 334 2953 mei
361 2911 498 2974 regnum
525 2889 751 2974 procuratione
779 2888 928 2954 fortunae
957 2888 1147 2974 iampridem

136 2978 268 3043 occiduo
293 2977 370 3043 orbe
394 2977 565 3061 disposito,
593 2978 690 3063 idque
718 2999 776 3062 per
798 2979 938 3063 litteras,
961 2979 1147 3063 pacatisque
1161 3007 1187 3046 eo

135 3065 186 3130 his
209 3066 358 3150 partibus
382 3069 414 3130 et
438 3065 478 3130 ad
502 3066 657 3131 auxilium
680 3067 837 3132 exercitus
866 3068 930 3131 mei
954 3067 1146 3131 commilitio

225 3257 474 3326 tpurpuraeMor'.
494 3272 651 3327 purpureae
659 3258 694 3312 A.
733 3262 766 3311 15
782 3274 836 3324 quo
851 3257 1005 3312 coatMat.
1025 3256 1145 3324 quodA.

223 3327 252 3383 2.
288 3333 320 3383 19
340 3329 463 3397 graviter
480 3329 604 3383 infensus
623 3327 725 3382 Ebrrb.
769 3333 803 3382 28
824 3332 935 3397 ceptum
956 3327 989 3385 P.
1035 3333 1068 3381 29
1088 3327 1146 3382 iam

133 3398 242 3466 pridem
252 3399 288 3453 A.
308 3400 394 3454 etiam
413 3399 534 3468 primum
544 3399 579 3454 P.
617 3403 651 3452 30
671 3397 738 3452 orbe
757 3397 1024 3467 compositoEberh.
1063 3415 1145 3468 paca·

132 3469 224 3537 tisque
243 3461 339 3525 Haase
358 3471 474 3527 Mraeell.
484 3470 554 3540 pbe'l.
570 3470 620 3537 II,
634 3486 664 3539 p.
679 3473 726 3524 26.
755 3469 916 3538 paratisque
931 3470 1008 3525 ΑΡ.
1046 3475 1079 3524 31
1101 3486 1146 3526 ex·

132 3542 236 3595 arcitus
259 3541 316 3596 mei
338 3541 434 3597 Haase
457 3543 504 3597 loe.
524 3541 569 3595 cit.
603 3539 663 3594 eius
686 3540 742 3596 mei
760 3541 794 3595 A.
828 3541 857 3596 et
875 3539 1011 3596 auxilium
1034 3541 1091 3598 mei
1110 3543 1146 3598 P.

131 3618 157 3666 et
174 3618 201 3666 τ.
217 3613 254 3681 (t)

949 3701 986 3754 ὅ*
