2648 3924
180 198 244 262 142
595 195 705 251 LIBER
722 196 770 252 111.

268 357 327 425 34.
350 359 510 425 Locorum
528 380 605 425 vero
626 359 779 444 pleraque
803 360 890 424 saxis
912 360 1043 445 quidem
1067 381 1190 443 aspera,

179 449 276 515 sicuti
299 449 422 515 dictum
446 451 504 526 est,
528 446 584 513 sed
607 468 689 532 quae
712 447 808 514 facile
831 469 1052 533 praesumeres
1075 449 1190 513 haberi

179 543 212 603 et
233 538 332 602 incoli
354 558 451 621 posse
478 536 675 602 numinibus.
722 535 846 621 Quippe
874 537 948 602 loca
974 537 1054 602 haec
1076 536 1191 602 domus

179 626 312 692 deorum
334 627 463 705 vocant,
486 627 519 688 et
540 624 729 709 plerumque
747 625 897 690 visuntur
918 627 954 690 in
976 626 1066 690 hisce
1089 647 1191 690 seces-

152 715 269 779 ssibus
294 735 390 798 agere
414 713 459 777 dii
482 734 533 777 res
552 713 763 796 voluptarias.
800 712 950 779 Addebat
973 715 1092 798 quippe
1110 712 1191 780 (lan-
1315 725 1318 925 p

1314 954 1316 984 l

1313 1100 1315 1133 l

179 804 288 868 daules
313 806 346 867 et
368 805 500 867 vocatos
520 800 707 866 hominibus
726 802 920 885 respondere
943 806 976 868 ct
994 804 1087 868 vultu
1111 824 1190 886 sese,

178 913 242 975 quo
262 892 338 975 sint,
356 891 488 976 regibus
508 890 662 955 confiteri.
699 889 817 966 ‘Quare
836 895 873 956 tu
892 913 1030 977 quoque,
1049 892 1077 956 si
1091 891 1189 970 voles,

176 980 314 1045 invitato
344 978 510 1044 sacrificiis
533 978 612 1042 haec
634 979 782 1063 numina,
807 1000 867 1044 nec
896 981 957 1044 erit
981 979 1114 1044 difficile
1138 1001 1188 1044 ex·

176 1069 402 1152 perimentum,
428 1068 505 1152 quin
529 1070 561 1131 te
581 1087 707 1151 quoque
732 1067 782 1132 sui
801 1073 976 1152 conspectu
995 1067 1188 1152 dignentur?

138 1179 163 1219 ιο
176 1157 282 1222 Multa
305 1157 407 1240 igitur
434 1155 627 1219 eiuscemodi
656 1177 729 1220 cum
756 1175 815 1238 per
842 1178 937 1221 omne
964 1157 1028 1221 iter
1053 1157 1189 1222 vidisset

177 1246 414 1329 audivissetque
433 1243 624 1326 Alexander,
647 1245 779 1308 tandem
798 1266 871 1309 cum
890 1243 1054 1310 Candaule
1077 1246 1118 1310 ad
1141 1266 1188 1309 re·

177 1335 265 1420 giam
285 1331 450 1398 Candaces
469 1331 567 1397 venit.
604 1330 711 1407 Quare
728 1334 794 1398 iam
813 1335 954 1418 primum
972 1334 1090 1399 fratres
1110 1333 1188 1418 eius,
1207 1337 1251 1387 56.

176 1426 315 1507 postque
339 1425 372 1485 et
393 1420 507 1505 regina
526 1423 630 1484 mater
653 1443 725 1486 cum
744 1421 854 1507 regiae
872 1444 1011 1507 pompae
1031 1422 1188 1487 comitatu

177 1509 337 1576 dandami
371 1510 542 1574 obviantes
572 1509 605 1573 in
636 1510 822 1593 complexus
857 1511 926 1576 eius
959 1508 1188 1595 gratulabundi

135 1619 161 1660 15
175 1600 302 1664 inruere
333 1599 526 1684 gestiebant.
573 1596 636 1662 Sed
664 1599 751 1662 enim
778 1600 947 1682 praevenit
975 1599 1098 1665 iuvenis
1128 1618 1188 1662 neo
1307 1570 1316 1663 l

175 1688 265 1772 prius
295 1687 358 1751 sibi
386 1686 531 1751 adfectus
558 1685 693 1750 huiusce
720 1687 878 1773 obsequia
905 1687 1064 1773 deposcit,
1092 1708 1188 1772 quam
1313 1674 1315 1707 ¹

174 1775 346 1861 Antigono
370 1775 492 1858 gratias
522 1795 619 1859 super
648 1775 758 1840 adiuto
788 1798 859 1842 sese
888 1799 926 1843 ac
953 1777 1094 1842 liberata
1116 1797 1188 1841 con·
1310 1792 1315 1846 t

173 1865 248 1948 iuge
280 1862 418 1928 confessi
448 1862 564 1928 forent.
613 1861 709 1928 Hunc
739 1865 826 1930 enim
853 1863 1058 1951 Antigonum
1089 1864 1187 1928 inter·
1303 1849 1311 1881 ‘

174 1952 326 2016 nuntium
342 1972 412 2015 esse
427 1949 513 2035 regis
527 1950 705 2016 Alexandri
720 1974 892 2039 secumque
906 1955 1060 2039 legatum.
1095 1953 1187 2016 Tunc

134 2061 160 2101 ao
174 2038 402 2125 quaerentibus
418 2038 544 2123 gratiae
562 2041 742 2104 novitatem
761 2045 794 2106 et
812 2043 965 2106 iniuriam
985 2045 1097 2124 raptae
1112 2061 1187 2104 con·

173 2129 259 2214 iugis
283 2131 317 2192 et
337 2127 496 2191 ultionem
514 2129 638 2211 provisi
655 2129 803 2195 beneficii
825 2129 934 2195 refert.
974 2130 1063 2214 Ergo
1083 2133 1186 2214 agunt

173 2217 297 2302 gratias
325 2217 457 2281 iuvenes
486 2221 520 2281 et
547 2217 661 2302 regina
683 2218 825 2283 laetatur
846 2218 973 2284 ultione
995 2219 1118 2302 pariter
1140 2220 1186 2280 te·

173 2307 291 2370 merati
309 2304 494 2371 Candaules
518 2308 551 2369 et
573 2305 755 2390 integratae
777 2328 878 2371 nurus
901 2307 1028 2372 illibata
1049 2305 1186 2371 laetitia.
1312 2326 1315 2419 Ι

174 2393 282 2459 Coena
301 2394 438 2479 denique
457 2394 680 2479 gratulatoria,
703 2395 758 2460 ubi
779 2395 813 2459 id
831 2401 969 2481 tempus,
992 2417 1130 2479 operosa
1152 2396 1185 2458 et

134 2483 294 2569 stragulis
319 2482 500 2566 adponitur.
541 2481 586 2546 llt
609 2486 660 2546 est
677 2483 787 2548 videre
811 2483 897 2568 apud
919 2485 995 2551 illos
1018 2483 1185 2550 lasciviam

173 2572 402 2655 barbarorum,
430 2571 583 2635 incubare
606 2572 735 2655 pretiis,
757 2572 900 2638 inludere
923 2573 1051 2658 pretiis,
1075 2571 1186 2638 sedet

173 2661 260 2724 vesci
281 2659 321 2724 de
344 2659 467 2742 pretiis.

263 2745 321 2813 35.
344 2744 534 2830 Insequenti
553 2748 664 2812 tamen
683 2748 735 2812 die
754 2770 826 2813 cum
845 2749 958 2833 regina
972 2748 1120 2815 Candace
1156 2751 1245 2808 XXII.

174 2835 394 2899 ostentatione
409 2834 500 2918 regia
513 2836 734 2920 processisset,
752 2837 892 2921 superba
906 2837 1080 2903 admodum
1094 2858 1182 2922 gem·
1204 2838 1248 2889 57.

133 2946 159 2985 ao
173 2926 263 2988 mato
278 2926 449 2987 stemmate
469 2925 501 2986 et
519 2929 682 3006 gemmato
698 2924 889 3010 diademate,
908 2929 1034 2992 statura
1049 2927 1185 3009 auctior,
1304 2935 1314 2991 l

261 3132 310 3188 34.
330 3137 344 3185 1
364 3130 500 3201 pleraque
520 3132 593 3187 Mai.
622 3133 769 3204 plerasque
788 3136 824 3191 A.
862 3141 878 3190 6
897 3136 979 3191 vultu
998 3151 1058 3190 sese
1076 3136 1182 3204 scripsi.

172 3203 266 3258 vultus
284 3219 345 3258 esse
363 3203 400 3256 A.
425 3204 505 3258 vultu
523 3220 633 3272 quoque
652 3221 680 3260 se
699 3205 812 3276 regibus
833 3207 973 3262 MatMr.
1026 3213 1058 3261 10
1078 3205 1184 3260 eiusce-

172 3274 250 3328 modi
267 3291 317 3329 om.
337 3274 371 3330 P.
410 3279 442 3328 16
462 3273 521 3330 eius
541 3273 676 3342 obsequia
697 3277 730 3330 P.
768 3283 801 3331 22
820 3276 929 3332 ultione
946 3279 1020 3333 Mai.
1047 3275 1184 3332 ultionem

172 3343 246 3400 AP.
319 3350 354 3398 24
373 3360 490 3412 operosa
508 3345 543 3398 A.
568 3361 653 3414 opera
672 3347 704 3402 P.
778 3354 812 3402 26
831 3349 982 3404 barbarum
1000 3348 1036 3403 A.
1065 3347 1183 3401 illudere

171 3415 270 3481 pretiis
289 3416 324 3470 A.
351 3430 401 3468 om.
424 3415 458 3470 P.

261 3485 310 3540 35.
329 3491 364 3538 28
384 3483 519 3540 Candacis
530 3485 565 3542 A.
620 3493 654 3541 30
674 3490 794 3544 stemate
803 3489 839 3544 A.
859 3491 998 3559 symmate
1008 3490 1041 3545 P.
1075 3489 1185 3543 statura

173 3552 264 3606 auticr
282 3555 317 3607 A.
346 3555 442 3608 satura
460 3555 569 3611 auctior
589 3554 623 3614 P.
