<?xml version="1.0" encoding="UTF-8"?>
<!DOCTYPE html PUBLIC "-//W3C//DTD XHTML 1.0 Transitional//EN"
    "http://www.w3.org/TR/xhtml1/DTD/xhtml1-transitional.dtd">
<html xmlns="http://www.w3.org/1999/xhtml" xml:lang="en" lang="en">
 <head>
  <title>
</title>
<meta http-equiv="Content-Type" content="text/html;charset=utf-8" />
  <meta name='ocr-system' content='tesseract 3.04.00' />
  <meta name='ocr-capabilities' content='ocr_page ocr_carea ocr_par ocr_line ocrx_word'/>
</head>
<body>
  <div class='ocr_page' id='page_1' title='image "./iulivalerialexa00kbgoog_0100.png"; bbox 0 0 2648 3924; ppageno 0'>
   <div class='ocr_carea' id='block_1_1' title="bbox 353 218 1143 306">
    <p class='ocr_par' dir='ltr' id='par_1_1' title="bbox 353 218 1143 306">
     <span class='ocr_line' id='line_1_1' title="bbox 353 218 1143 306; baseline 0.006 -33"><span class='ocrx_word' id='word_1_1' title='bbox 353 301 355 306; x_wconf 28' lang='grc' dir='ltr'>Ι</span> <span class='ocrx_word' id='word_1_2' title='bbox 458 218 576 275; x_wconf 80' lang='lat' dir='ltr'>ORTUS</span> <span class='ocrx_word' id='word_1_3' title='bbox 594 219 818 276; x_wconf 81' lang='lat' dir='ltr'><strong>ALEXANDRI.</strong></span> <span class='ocrx_word' id='word_1_4' title='bbox 1100 225 1143 290; x_wconf 84' lang='lat'><strong>63</strong></span> 
     </span>
    </p>
   </div>
   <div class='ocr_carea' id='block_1_2' title="bbox 200 375 1106 1227">
    <p class='ocr_par' dir='ltr' id='par_1_2' title="bbox 289 375 1106 522">
     <span class='ocr_line' id='line_1_2' title="bbox 289 375 1106 454; baseline 0.012 -25"><span class='ocrx_word' id='word_1_5' title='bbox 289 375 416 431; x_wconf 89' lang='lat' dir='ltr'><strong>Hancine</strong></span> <span class='ocrx_word' id='word_1_6' title='bbox 434 379 467 432; x_wconf 92' lang='lat' dir='ltr'><strong>tu</strong></span> <span class='ocrx_word' id='word_1_7' title='bbox 485 380 595 448; x_wconf 89' lang='lat' dir='ltr'><strong>urbem,</strong></span> <span class='ocrx_word' id='word_1_8' title='bbox 615 381 736 436; x_wconf 88' lang='lat' dir='ltr'><strong>maxime</strong></span> <span class='ocrx_word' id='word_1_9' title='bbox 755 399 854 451; x_wconf 77' lang='lat' dir='ltr'><strong>regom</strong></span> <span class='ocrx_word' id='word_1_10' title='bbox 874 384 1046 454; x_wconf 76' lang='lat' dir='ltr'><strong>Alexander,</strong></span> <span class='ocrx_word' id='word_1_11' title='bbox 1103 376 1106 383; x_wconf 78' lang='lat'>&#39;</span> 
     </span>
     <span class='ocr_line' id='line_1_3' title="bbox 289 446 887 522; baseline 0.013 -22"><span class='ocrx_word' id='word_1_12' title='bbox 289 446 456 518; x_wconf 86' lang='lat' dir='ltr'><strong>Properabis</strong></span> <span class='ocrx_word' id='word_1_13' title='bbox 475 450 650 522; x_wconf 80' lang='lat' dir='ltr'><strong>exscindere,</strong></span> <span class='ocrx_word' id='word_1_14' title='bbox 670 469 754 520; x_wconf 88' lang='lat' dir='ltr'><strong>quam</strong></span> <span class='ocrx_word' id='word_1_15' title='bbox 774 453 827 508; x_wconf 91' lang='lat' dir='ltr'><strong>tibi</strong></span> <span class='ocrx_word' id='word_1_16' title='bbox 847 453 887 508; x_wconf 91' lang='lat' dir='ltr'><strong>dii</strong></span> 
     </span>
    </p>

    <p class='ocr_par' dir='ltr' id='par_1_3' title="bbox 200 519 981 1227">
     <span class='ocr_line' id='line_1_4' title="bbox 200 519 945 594; baseline 0.013 -24"><span class='ocrx_word' id='word_1_17' title='bbox 200 585 203 592; x_wconf 19' lang='grc' dir='ltr'><strong>Δ</strong></span> <span class='ocrx_word' id='word_1_18' title='bbox 289 519 479 588; x_wconf 87' lang='lat' dir='ltr'><strong>Immortales,</strong></span> <span class='ocrx_word' id='word_1_19' title='bbox 499 522 647 591; x_wconf 79' lang='lat' dir='ltr'><strong>prosapiae</strong></span> <span class='ocrx_word' id='word_1_20' title='bbox 665 526 731 578; x_wconf 87' lang='lat' dir='ltr'><strong>tuae</strong></span> <span class='ocrx_word' id='word_1_21' title='bbox 750 525 903 594; x_wconf 81' lang='lat' dir='ltr'><strong>principes,</strong></span> <span class='ocrx_word' id='word_1_22' title='bbox 928 541 945 566; x_wconf 80' lang='lat'><strong>·</strong></span> 
     </span>
     <span class='ocr_line' id='line_1_5' title="bbox 288 589 966 659; baseline 0.012 -16"><span class='ocrx_word' id='word_1_23' title='bbox 288 589 480 659; x_wconf 73' lang='lat' dir='ltr'><strong>Pepereruntd</strong></span> <span class='ocrx_word' id='word_1_24' title='bbox 498 608 589 647; x_wconf 91' lang='lat' dir='ltr'><strong>nonne</strong></span> <span class='ocrx_word' id='word_1_25' title='bbox 607 595 637 648; x_wconf 84' lang='lat' dir='ltr'><strong>te</strong></span> <span class='ocrx_word' id='word_1_26' title='bbox 656 593 731 649; x_wconf 87' lang='lat' dir='ltr'><strong>subit</strong></span> <span class='ocrx_word' id='word_1_27' title='bbox 749 595 815 649; x_wconf 90' lang='lat' dir='ltr'><strong>hino</strong></span> <span class='ocrx_word' id='word_1_28' title='bbox 834 596 966 651; x_wconf 88' lang='lat' dir='ltr'><strong>Liberum</strong></span> 
     </span>
     <span class='ocr_line' id='line_1_6' title="bbox 290 659 898 736; baseline 0.013 -23"><span class='ocrx_word' id='word_1_29' title='bbox 290 659 408 715; x_wconf 79' lang='lat' dir='ltr'><strong>Ortum?</strong></span> <span class='ocrx_word' id='word_1_30' title='bbox 426 660 499 717; x_wconf 91' lang='lat' dir='ltr'><strong>hanc</strong></span> <span class='ocrx_word' id='word_1_31' title='bbox 518 663 646 719; x_wconf 89' lang='lat' dir='ltr'><strong>Herculis</strong></span> <span class='ocrx_word' id='word_1_32' title='bbox 664 681 726 720; x_wconf 89' lang='lat' dir='ltr'><strong>esse</strong></span> <span class='ocrx_word' id='word_1_33' title='bbox 745 666 898 736; x_wconf 88' lang='lat' dir='ltr'><strong>nutricem,</strong></span> 
     </span>
     <span class='ocr_line' id='line_1_7' title="bbox 288 730 853 804; baseline 0.014 -20"><span class='ocrx_word' id='word_1_34' title='bbox 288 730 361 786; x_wconf 88' lang='lat' dir='ltr'><strong>Hinc</strong></span> <span class='ocrx_word' id='word_1_35' title='bbox 378 732 430 788; x_wconf 87' lang='lat' dir='ltr'><strong>illa</strong></span> <span class='ocrx_word' id='word_1_36' title='bbox 449 733 530 803; x_wconf 76' lang='lat' dir='ltr'><strong>orgia</strong></span> <span class='ocrx_word' id='word_1_37' title='bbox 549 738 578 789; x_wconf 89' lang='lat' dir='ltr'><strong>et</strong></span> <span class='ocrx_word' id='word_1_38' title='bbox 596 735 853 804; x_wconf 86' lang='lat' dir='ltr'><strong>praestantissimos</strong></span> 
     </span>
     <span class='ocr_line' id='line_1_8' title="bbox 288 802 981 877; baseline 0.013 -22"><span class='ocrx_word' id='word_1_39' title='bbox 288 802 412 858; x_wconf 83' lang='lat' dir='ltr'><strong>Deorum</strong></span> <span class='ocrx_word' id='word_1_40' title='bbox 430 805 523 859; x_wconf 87' lang='lat' dir='ltr'><strong>cultus</strong></span> <span class='ocrx_word' id='word_1_41' title='bbox 543 805 661 861; x_wconf 84' lang='lat' dir='ltr'><strong>diffusos</strong></span> <span class='ocrx_word' id='word_1_42' title='bbox 680 815 741 862; x_wconf 87' lang='lat' dir='ltr'><strong>esse</strong></span> <span class='ocrx_word' id='word_1_43' title='bbox 760 825 810 877; x_wconf 89' lang='lat' dir='ltr'><strong>per</strong></span> <span class='ocrx_word' id='word_1_44' title='bbox 828 807 981 864; x_wconf 82' lang='lat' dir='ltr'><strong>mundum?</strong></span> 
     </span>
     <span class='ocr_line' id='line_1_9' title="bbox 288 872 806 945; baseline 0.012 -19"><span class='ocrx_word' id='word_1_45' title='bbox 288 872 361 928; x_wconf 88' lang='lat' dir='ltr'><strong>Boni</strong></span> <span class='ocrx_word' id='word_1_46' title='bbox 378 875 466 945; x_wconf 82' lang='lat' dir='ltr'><strong>igitur</strong></span> <span class='ocrx_word' id='word_1_47' title='bbox 485 878 613 932; x_wconf 90' lang='lat' dir='ltr'><strong>consules</strong></span> <span class='ocrx_word' id='word_1_48' title='bbox 632 895 665 932; x_wconf 86' lang='lat' dir='ltr'><strong>ac</strong></span> <span class='ocrx_word' id='word_1_49' title='bbox 684 878 806 934; x_wconf 82' lang='lat' dir='ltr'><strong>lacesses</strong></span> 
     </span>
     <span class='ocr_line' id='line_1_10' title="bbox 288 945 814 1016; baseline 0.011 -19"><span class='ocrx_word' id='word_1_50' title='bbox 288 945 331 999; x_wconf 89' lang='lat' dir='ltr'><strong>Ab</strong></span> <span class='ocrx_word' id='word_1_51' title='bbox 350 945 405 1001; x_wconf 91' lang='lat' dir='ltr'><strong>hac</strong></span> <span class='ocrx_word' id='word_1_52' title='bbox 422 949 482 1001; x_wconf 87' lang='lat' dir='ltr'><strong>tam</strong></span> <span class='ocrx_word' id='word_1_53' title='bbox 502 946 641 1016; x_wconf 85' lang='lat' dir='ltr'><strong>sacrilege</strong></span> <span class='ocrx_word' id='word_1_54' title='bbox 658 950 814 1004; x_wconf 86' lang='lat' dir='ltr'><strong>voluntate.</strong></span> 
     </span>
     <span class='ocr_line' id='line_1_11' title="bbox 288 1015 831 1090; baseline 0.011 -21"><span class='ocrx_word' id='word_1_55' title='bbox 288 1015 387 1085; x_wconf 87' lang='lat' dir='ltr'><strong>Neque</strong></span> <span class='ocrx_word' id='word_1_56' title='bbox 406 1017 494 1086; x_wconf 89' lang='lat' dir='ltr'><strong>enim,</strong></span> <span class='ocrx_word' id='word_1_57' title='bbox 514 1017 539 1071; x_wconf 88' lang='lat' dir='ltr'><strong>si</strong></span> <span class='ocrx_word' id='word_1_58' title='bbox 557 1018 628 1086; x_wconf 89' lang='lat' dir='ltr'><strong>quid</strong></span> <span class='ocrx_word' id='word_1_59' title='bbox 645 1019 831 1090; x_wconf 71' lang='lat' dir='ltr'><strong>inpatientius</strong></span> 
     </span>
     <span class='ocr_line' id='line_1_12' title="bbox 288 1086 805 1158; baseline 0.014 -19"><span class='ocrx_word' id='word_1_60' title='bbox 288 1086 334 1141; x_wconf 87' lang='lat' dir='ltr'><strong>Ira</strong></span> <span class='ocrx_word' id='word_1_61' title='bbox 352 1086 421 1142; x_wconf 91' lang='lat' dir='ltr'><strong>belli</strong></span> <span class='ocrx_word' id='word_1_62' title='bbox 439 1088 598 1158; x_wconf 86' lang='lat' dir='ltr'><strong>mandavit,</strong></span> <span class='ocrx_word' id='word_1_63' title='bbox 618 1107 674 1144; x_wconf 93' lang='lat' dir='ltr'><strong>non</strong></span> <span class='ocrx_word' id='word_1_64' title='bbox 693 1109 757 1146; x_wconf 85' lang='lat' dir='ltr'><strong>mox</strong></span> <span class='ocrx_word' id='word_1_65' title='bbox 776 1093 805 1146; x_wconf 87' lang='lat' dir='ltr'><strong>te</strong></span> 
     </span>
     <span class='ocr_line' id='line_1_13' title="bbox 288 1156 814 1227; baseline 0.017 -17"><span class='ocrx_word' id='word_1_66' title='bbox 288 1156 331 1211; x_wconf 90' lang='lat' dir='ltr'><strong>Ad</strong></span> <span class='ocrx_word' id='word_1_67' title='bbox 349 1159 553 1227; x_wconf 88' lang='lat' dir='ltr'><strong>poenitentiam</strong></span> <span class='ocrx_word' id='word_1_68' title='bbox 573 1177 759 1218; x_wconf 87' lang='lat' dir='ltr'><strong>reversurum.</strong></span> <span class='ocrx_word' id='word_1_69' title='bbox 772 1204 778 1219; x_wconf 89' lang='lat'><strong>.</strong></span> <span class='ocrx_word' id='word_1_70' title='bbox 789 1205 795 1217; x_wconf 92' lang='lat'><em>.</em></span> <span class='ocrx_word' id='word_1_71' title='bbox 808 1205 814 1219; x_wconf 92' lang='lat'><strong>.</strong></span> 
     </span>
    </p>
   </div>
   <div class='ocr_carea' id='block_1_3' title="bbox 126 1282 417 1351">
    <p class='ocr_par' dir='ltr' id='par_1_4' title="bbox 126 1282 417 1351">
     <span class='ocr_line' id='line_1_14' title="bbox 126 1282 417 1351; baseline 0.014 -4"><span class='ocrx_word' id='word_1_72' title='bbox 126 1282 279 1348; x_wconf 79' lang='lat' dir='ltr'><strong>Addebat</strong></span> <span class='ocrx_word' id='word_1_73' title='bbox 303 1285 417 1351; x_wconf 87' lang='lat' dir='ltr'><strong>etiam:</strong></span> 
     </span>
    </p>
   </div>
   <div class='ocr_carea' id='block_1_4' title="bbox 286 1405 1180 2684">
    <p class='ocr_par' dir='ltr' id='par_1_5' title="bbox 286 1405 953 1975">
     <span class='ocr_line' id='line_1_15' title="bbox 287 1405 953 1475; baseline 0.009 -15"><span class='ocrx_word' id='word_1_74' title='bbox 287 1405 346 1461; x_wconf 88' lang='lat' dir='ltr'><strong>Hos</strong></span> <span class='ocrx_word' id='word_1_75' title='bbox 365 1406 418 1461; x_wconf 90' lang='lat' dir='ltr'><strong>tibi</strong></span> <span class='ocrx_word' id='word_1_76' title='bbox 436 1424 543 1475; x_wconf 88' lang='lat' dir='ltr'><strong>muros,</strong></span> <span class='ocrx_word' id='word_1_77' title='bbox 561 1409 633 1464; x_wconf 88' lang='lat' dir='ltr'><strong>haee</strong></span> <span class='ocrx_word' id='word_1_78' title='bbox 651 1408 765 1464; x_wconf 86' lang='lat' dir='ltr'><strong>moenie</strong></span> <span class='ocrx_word' id='word_1_79' title='bbox 783 1409 886 1466; x_wconf 85' lang='lat' dir='ltr'><strong>Zethus</strong></span> <span class='ocrx_word' id='word_1_80' title='bbox 904 1411 953 1466; x_wconf 92' lang='lat' dir='ltr'><strong>ille</strong></span> 
     </span>
     <span class='ocr_line' id='line_1_16' title="bbox 287 1476 949 1551; baseline 0.011 -20"><span class='ocrx_word' id='word_1_81' title='bbox 287 1476 341 1531; x_wconf 91' lang='lat' dir='ltr'><strong>Vel</strong></span> <span class='ocrx_word' id='word_1_82' title='bbox 358 1477 513 1548; x_wconf 86' lang='lat' dir='ltr'><strong>Amphion,</strong></span> <span class='ocrx_word' id='word_1_83' title='bbox 532 1478 626 1549; x_wconf 85' lang='lat' dir='ltr'><strong>stirpis</strong></span> <span class='ocrx_word' id='word_1_84' title='bbox 644 1482 711 1535; x_wconf 87' lang='lat' dir='ltr'><strong>tuae</strong></span> <span class='ocrx_word' id='word_1_85' title='bbox 730 1498 795 1550; x_wconf 89' lang='lat' dir='ltr'><strong>pars</strong></span> <span class='ocrx_word' id='word_1_86' title='bbox 813 1482 949 1551; x_wconf 89' lang='lat' dir='ltr'><strong>maxima,</strong></span> 
     </span>
     <span class='ocr_line' id='line_1_17' title="bbox 287 1548 867 1619; baseline 0.009 -17"><span class='ocrx_word' id='word_1_87' title='bbox 287 1548 419 1618; x_wconf 88' lang='lat' dir='ltr'><strong>Apolline</strong></span> <span class='ocrx_word' id='word_1_88' title='bbox 439 1549 580 1619; x_wconf 86' lang='lat' dir='ltr'><strong>Musisque</strong></span> <span class='ocrx_word' id='word_1_89' title='bbox 599 1551 867 1607; x_wconf 83' lang='lat' dir='ltr'><strong>adminiculantibus</strong></span> 
     </span>
     <span class='ocr_line' id='line_1_18' title="bbox 289 1618 906 1692; baseline 0.01 -20"><span class='ocrx_word' id='word_1_90' title='bbox 289 1618 375 1675; x_wconf 72' lang='lat' dir='ltr'><strong>Fecit.</strong></span> <span class='ocrx_word' id='word_1_91' title='bbox 412 1619 471 1674; x_wconf 86' lang='lat' dir='ltr'><strong>Nee</strong></span> <span class='ocrx_word' id='word_1_92' title='bbox 490 1621 567 1676; x_wconf 89' lang='lat' dir='ltr'><strong>vides</strong></span> <span class='ocrx_word' id='word_1_93' title='bbox 585 1621 615 1676; x_wconf 91' lang='lat' dir='ltr'><strong>in</strong></span> <span class='ocrx_word' id='word_1_94' title='bbox 633 1639 692 1676; x_wconf 89' lang='lat' dir='ltr'><strong>rem</strong></span> <span class='ocrx_word' id='word_1_95' title='bbox 711 1625 790 1677; x_wconf 87' lang='lat' dir='ltr'><strong>tuam</strong></span> <span class='ocrx_word' id='word_1_96' title='bbox 808 1623 906 1692; x_wconf 88' lang='lat' dir='ltr'><strong>tuique</strong></span> 
     </span>
     <span class='ocr_line' id='line_1_19' title="bbox 289 1690 939 1763; baseline 0.003 -17"><span class='ocrx_word' id='word_1_97' title='bbox 289 1690 404 1746; x_wconf 85' lang='lat' dir='ltr'><strong>Generis</strong></span> <span class='ocrx_word' id='word_1_98' title='bbox 422 1691 541 1761; x_wconf 83' lang='lat' dir='ltr'><strong>gloriam</strong></span> <span class='ocrx_word' id='word_1_99' title='bbox 560 1694 588 1747; x_wconf 89' lang='lat' dir='ltr'><strong>te</strong></span> <span class='ocrx_word' id='word_1_100' title='bbox 608 1693 734 1759; x_wconf 78' lang='lat' dir='ltr'><strong>saeuire?</strong></span> <span class='ocrx_word' id='word_1_101' title='bbox 772 1693 846 1760; x_wconf 83' lang='lat' dir='ltr'><strong>Quid</strong></span> <span class='ocrx_word' id='word_1_102' title='bbox 864 1695 939 1763; x_wconf 82' lang='lat' dir='ltr'><strong>quod</strong></span> 
     </span>
     <span class='ocr_line' id='line_1_20' title="bbox 286 1761 929 1833; baseline 0.005 -18"><span class='ocrx_word' id='word_1_103' title='bbox 286 1761 365 1817; x_wconf 88' lang='lat' dir='ltr'><strong>Idem</strong></span> <span class='ocrx_word' id='word_1_104' title='bbox 383 1761 427 1816; x_wconf 90' lang='lat' dir='ltr'><strong>illi</strong></span> <span class='ocrx_word' id='word_1_105' title='bbox 446 1762 497 1830; x_wconf 90' lang='lat' dir='ltr'><strong>dii,</strong></span> <span class='ocrx_word' id='word_1_106' title='bbox 517 1763 668 1832; x_wconf 86' lang='lat' dir='ltr'><strong>praestitas</strong></span> <span class='ocrx_word' id='word_1_107' title='bbox 687 1767 716 1819; x_wconf 85' lang='lat' dir='ltr'><strong>et</strong></span> <span class='ocrx_word' id='word_1_108' title='bbox 733 1764 853 1821; x_wconf 90' lang='lat' dir='ltr'><strong>maiores</strong></span> <span class='ocrx_word' id='word_1_109' title='bbox 872 1765 929 1833; x_wconf 89' lang='lat' dir='ltr'><strong>tui,</strong></span> 
     </span>
     <span class='ocr_line' id='line_1_21' title="bbox 287 1832 930 1904; baseline 0.005 -18"><span class='ocrx_word' id='word_1_110' title='bbox 287 1832 439 1888; x_wconf 86' lang='lat' dir='ltr'><strong>Laetitiam</strong></span> <span class='ocrx_word' id='word_1_111' title='bbox 458 1834 514 1888; x_wconf 91' lang='lat' dir='ltr'><strong>suis</strong></span> <span class='ocrx_word' id='word_1_112' title='bbox 532 1836 563 1889; x_wconf 90' lang='lat' dir='ltr'><strong>et</strong></span> <span class='ocrx_word' id='word_1_113' title='bbox 580 1834 716 1890; x_wconf 85' lang='lat' dir='ltr'><strong>ultionem</strong></span> <span class='ocrx_word' id='word_1_114' title='bbox 735 1853 770 1890; x_wconf 86' lang='lat' dir='ltr'><strong>ex</strong></span> <span class='ocrx_word' id='word_1_115' title='bbox 788 1836 930 1904; x_wconf 87' lang='lat' dir='ltr'><strong>hostibus,</strong></span> 
     </span>
     <span class='ocr_line' id='line_1_22' title="bbox 286 1903 760 1975; baseline 0.006 -17"><span class='ocrx_word' id='word_1_116' title='bbox 286 1904 389 1960; x_wconf 87' lang='lat' dir='ltr'><strong>Pacem</strong></span> <span class='ocrx_word' id='word_1_117' title='bbox 408 1903 529 1975; x_wconf 90' lang='lat' dir='ltr'><strong>denique</strong></span> <span class='ocrx_word' id='word_1_118' title='bbox 549 1905 635 1960; x_wconf 89' lang='lat' dir='ltr'><strong>etiam</strong></span> <span class='ocrx_word' id='word_1_119' title='bbox 654 1906 760 1975; x_wconf 79' lang='lat' dir='ltr'><strong>ignotis</strong></span> 
     </span>
    </p>

    <p class='ocr_par' dir='ltr' id='par_1_6' title="bbox 286 1974 940 2402">
     <span class='ocr_line' id='line_1_23' title="bbox 286 1974 887 2048; baseline 0.007 -19"><span class='ocrx_word' id='word_1_120' title='bbox 286 1974 436 2030; x_wconf 83' lang='lat' dir='ltr'><strong>Maiestate</strong></span> <span class='ocrx_word' id='word_1_121' title='bbox 455 1975 499 2030; x_wconf 89' lang='lat' dir='ltr'><strong>sui</strong></span> <span class='ocrx_word' id='word_1_122' title='bbox 518 1978 547 2030; x_wconf 90' lang='lat' dir='ltr'><strong>et</strong></span> <span class='ocrx_word' id='word_1_123' title='bbox 565 1977 717 2032; x_wconf 88' lang='lat' dir='ltr'><strong>virtutibus</strong></span> <span class='ocrx_word' id='word_1_124' title='bbox 736 1985 887 2048; x_wconf 83' lang='lat' dir='ltr'><strong>peperere?</strong></span> 
     </span>
     <span class='ocr_line' id='line_1_24' title="bbox 286 2045 937 2116; baseline 0.005 -16"><span class='ocrx_word' id='word_1_125' title='bbox 286 2047 347 2101; x_wconf 93' lang='lat' dir='ltr'><strong>Hoc</strong></span> <span class='ocrx_word' id='word_1_126' title='bbox 366 2046 449 2101; x_wconf 89' lang='lat' dir='ltr'><strong>Liber</strong></span> <span class='ocrx_word' id='word_1_127' title='bbox 468 2064 501 2102; x_wconf 89' lang='lat' dir='ltr'><strong>ex</strong></span> <span class='ocrx_word' id='word_1_128' title='bbox 518 2045 612 2116; x_wconf 86' lang='lat' dir='ltr'><strong>India,</strong></span> <span class='ocrx_word' id='word_1_129' title='bbox 631 2049 685 2102; x_wconf 94' lang='lat' dir='ltr'><strong>hoc</strong></span> <span class='ocrx_word' id='word_1_130' title='bbox 703 2048 785 2105; x_wconf 89' lang='lat' dir='ltr'><strong>nobis</strong></span> <span class='ocrx_word' id='word_1_131' title='bbox 803 2048 937 2106; x_wconf 88' lang='lat' dir='ltr'><strong>Hercules</strong></span> 
     </span>
     <span class='ocr_line' id='line_1_25' title="bbox 287 2117 827 2187; baseline 0.007 -16"><span class='ocrx_word' id='word_1_132' title='bbox 287 2117 329 2171; x_wconf 79' lang='lat' dir='ltr'><strong>Ex</strong></span> <span class='ocrx_word' id='word_1_133' title='bbox 347 2118 423 2172; x_wconf 86' lang='lat' dir='ltr'><strong>omui</strong></span> <span class='ocrx_word' id='word_1_134' title='bbox 441 2120 578 2173; x_wconf 87' lang='lat' dir='ltr'><strong>terrarum</strong></span> <span class='ocrx_word' id='word_1_135' title='bbox 597 2119 664 2175; x_wconf 89' lang='lat' dir='ltr'><strong>orbe</strong></span> <span class='ocrx_word' id='word_1_136' title='bbox 682 2124 827 2187; x_wconf 89' lang='lat' dir='ltr'><strong>procurat:</strong></span> 
     </span>
     <span class='ocr_line' id='line_1_26' title="bbox 288 2187 858 2261; baseline 0.005 -19"><span class='ocrx_word' id='word_1_137' title='bbox 288 2187 411 2253; x_wconf 84' lang='lat' dir='ltr'><strong>Quorum</strong></span> <span class='ocrx_word' id='word_1_138' title='bbox 429 2190 459 2243; x_wconf 90' lang='lat' dir='ltr'><strong>te</strong></span> <span class='ocrx_word' id='word_1_139' title='bbox 477 2189 552 2244; x_wconf 90' lang='lat' dir='ltr'><strong>malo</strong></span> <span class='ocrx_word' id='word_1_140' title='bbox 572 2190 744 2245; x_wconf 89' lang='lat' dir='ltr'><strong>imitatorem</strong></span> <span class='ocrx_word' id='word_1_141' title='bbox 763 2191 858 2261; x_wconf 89' lang='lat' dir='ltr'><strong>potius</strong></span> 
     </span>
     <span class='ocr_line' id='line_1_27' title="bbox 288 2259 940 2331; baseline 0.005 -18"><span class='ocrx_word' id='word_1_142' title='bbox 288 2259 379 2326; x_wconf 80' lang='lat' dir='ltr'><strong>Quam</strong></span> <span class='ocrx_word' id='word_1_143' title='bbox 397 2259 569 2316; x_wconf 78' lang='lat' dir='ltr'><strong>invidentem</strong></span> <span class='ocrx_word' id='word_1_144' title='bbox 588 2261 684 2317; x_wconf 87' lang='lat' dir='ltr'><strong>fuisse.</strong></span> <span class='ocrx_word' id='word_1_145' title='bbox 722 2264 766 2316; x_wconf 90' lang='lat' dir='ltr'><strong>An</strong></span> <span class='ocrx_word' id='word_1_146' title='bbox 784 2262 839 2316; x_wconf 87' lang='lat' dir='ltr'><strong>tibi</strong></span> <span class='ocrx_word' id='word_1_147' title='bbox 857 2263 940 2331; x_wconf 85' lang='lat' dir='ltr'><strong>putas</strong></span> 
     </span>
     <span class='ocr_line' id='line_1_28' title="bbox 288 2329 741 2402; baseline 0.007 -18"><span class='ocrx_word' id='word_1_148' title='bbox 288 2329 352 2384; x_wconf 85' lang='lat' dir='ltr'><strong>Sine</strong></span> <span class='ocrx_word' id='word_1_149' title='bbox 371 2331 520 2402; x_wconf 82' lang='lat' dir='ltr'><strong>sacrilegio</strong></span> <span class='ocrx_word' id='word_1_150' title='bbox 539 2349 599 2386; x_wconf 90' lang='lat' dir='ltr'><strong>rem</strong></span> <span class='ocrx_word' id='word_1_151' title='bbox 616 2333 741 2387; x_wconf 83' lang='lat' dir='ltr'><strong>futurem</strong></span> 
     </span>
    </p>

    <p class='ocr_par' dir='ltr' id='par_1_7' title="bbox 286 2401 1180 2684">
     <span class='ocr_line' id='line_1_29' title="bbox 288 2401 877 2472; baseline 0.003 -17"><span class='ocrx_word' id='word_1_152' title='bbox 288 2401 393 2456; x_wconf 82' lang='lat' dir='ltr'><strong>Locum</strong></span> <span class='ocrx_word' id='word_1_153' title='bbox 411 2401 498 2456; x_wconf 87' lang='lat' dir='ltr'><strong>istum</strong></span> <span class='ocrx_word' id='word_1_154' title='bbox 516 2403 590 2457; x_wconf 83' lang='lat' dir='ltr'><strong>ferro</strong></span> <span class='ocrx_word' id='word_1_155' title='bbox 609 2405 639 2456; x_wconf 87' lang='lat' dir='ltr'><strong>et</strong></span> <span class='ocrx_word' id='word_1_156' title='bbox 656 2404 717 2472; x_wconf 82' lang='lat' dir='ltr'><strong>igni</strong></span> <span class='ocrx_word' id='word_1_157' title='bbox 734 2402 877 2472; x_wconf 85' lang='lat' dir='ltr'><strong>populari,</strong></span> 
     </span>
     <span class='ocr_line' id='line_1_30' title="bbox 287 2472 934 2543; baseline -0.002 -16"><span class='ocrx_word' id='word_1_158' title='bbox 287 2474 394 2542; x_wconf 87' lang='lat' dir='ltr'><strong>Inque</strong></span> <span class='ocrx_word' id='word_1_159' title='bbox 413 2472 543 2528; x_wconf 90' lang='lat' dir='ltr'><strong>Semelen</strong></span> <span class='ocrx_word' id='word_1_160' title='bbox 561 2489 640 2527; x_wconf 88' lang='lat' dir='ltr'><strong>suum</strong></span> <span class='ocrx_word' id='word_1_161' title='bbox 659 2490 709 2528; x_wconf 86' lang='lat' dir='ltr'><strong>rex</strong></span> <span class='ocrx_word' id='word_1_162' title='bbox 727 2474 810 2528; x_wconf 89' lang='lat' dir='ltr'><strong>deum</strong></span> <span class='ocrx_word' id='word_1_163' title='bbox 829 2472 934 2543; x_wconf 89' lang='lat' dir='ltr'><strong>Iupiter</strong></span> 
     </span>
     <span class='ocr_line' id='line_1_31' title="bbox 286 2543 1180 2613; baseline 0.003 -16"><span class='ocrx_word' id='word_1_164' title='bbox 286 2543 473 2612; x_wconf 83' lang='lat' dir='ltr'><strong>Maritaverit,</strong></span> <span class='ocrx_word' id='word_1_165' title='bbox 492 2545 522 2598; x_wconf 90' lang='lat' dir='ltr'><strong>in</strong></span> <span class='ocrx_word' id='word_1_166' title='bbox 541 2560 596 2612; x_wconf 82' lang='lat' dir='ltr'><strong>quo</strong></span> <span class='ocrx_word' id='word_1_167' title='bbox 614 2544 800 2599; x_wconf 84' lang='lat' dir='ltr'><strong>Alcumenam</strong></span> <span class='ocrx_word' id='word_1_168' title='bbox 819 2559 929 2613; x_wconf 87' lang='lat' dir='ltr'><strong>quoque</strong></span> <span class='ocrx_word' id='word_1_169' title='bbox 1153 2560 1180 2600; x_wconf 77' lang='lat' dir='ltr'><strong>uo</strong></span> 
     </span>
     <span class='ocr_line' id='line_1_32' title="bbox 287 2614 897 2684; baseline 0 -16"><span class='ocrx_word' id='word_1_170' title='bbox 287 2614 421 2671; x_wconf 81' lang='lat' dir='ltr'><strong>Eiusdem</strong></span> <span class='ocrx_word' id='word_1_171' title='bbox 439 2614 514 2670; x_wconf 79' lang='lat' dir='ltr'><strong>louis</strong></span> <span class='ocrx_word' id='word_1_172' title='bbox 532 2615 615 2670; x_wconf 89' lang='lat' dir='ltr'><strong>ulnae</strong></span> <span class='ocrx_word' id='word_1_173' title='bbox 635 2615 794 2684; x_wconf 81' lang='lat' dir='ltr'><strong>dignitates</strong></span> <span class='ocrx_word' id='word_1_174' title='bbox 813 2616 897 2669; x_wconf 83' lang='lat' dir='ltr'><strong>sunt?</strong></span> 
     </span>
    </p>
   </div>
   <div class='ocr_carea' id='block_1_5' title="bbox 126 2719 1202 3006">
    <p class='ocr_par' dir='ltr' id='par_1_8' title="bbox 126 2719 1202 3006">
     <span class='ocr_line' id='line_1_33' title="bbox 216 2719 1202 2827; baseline 0.001 -21"><span class='ocrx_word' id='word_1_175' title='bbox 216 2738 274 2806; x_wconf 76' lang='lat'><strong>53.</strong></span> <span class='ocrx_word' id='word_1_176' title='bbox 312 2719 462 2806; x_wconf 88' lang='lat' dir='ltr'><strong>Addebat</strong></span> <span class='ocrx_word' id='word_1_177' title='bbox 489 2745 523 2806; x_wconf 90' lang='lat' dir='ltr'><strong>et</strong></span> <span class='ocrx_word' id='word_1_178' title='bbox 548 2741 693 2826; x_wconf 84' lang='lat' dir='ltr'><strong>fabulas,</strong></span> <span class='ocrx_word' id='word_1_179' title='bbox 721 2764 941 2827; x_wconf 87' lang='lat' dir='ltr'><strong>quaecumque</strong></span> <span class='ocrx_word' id='word_1_180' title='bbox 964 2740 1139 2809; x_wconf 82' lang='lat' dir='ltr'><strong>Thebanae</strong></span> <span class='ocrx_word' id='word_1_181' title='bbox 1158 2755 1202 2807; x_wconf 83' lang='lat'><strong>67.</strong></span> 
     </span>
     <span class='ocr_line' id='line_1_34' title="bbox 126 2830 1140 2918; baseline 0.005 -25"><span class='ocrx_word' id='word_1_182' title='bbox 126 2833 211 2913; x_wconf 91' lang='lat' dir='ltr'><strong>sunt,</strong></span> <span class='ocrx_word' id='word_1_183' title='bbox 235 2834 268 2894; x_wconf 87' lang='lat' dir='ltr'><strong>et</strong></span> <span class='ocrx_word' id='word_1_184' title='bbox 290 2831 464 2896; x_wconf 88' lang='lat' dir='ltr'><strong>memorias</strong></span> <span class='ocrx_word' id='word_1_185' title='bbox 483 2830 662 2918; x_wconf 81' lang='lat' dir='ltr'><strong>religiosas,</strong></span> <span class='ocrx_word' id='word_1_186' title='bbox 685 2855 766 2917; x_wconf 86' lang='lat' dir='ltr'><strong>quas</strong></span> <span class='ocrx_word' id='word_1_187' title='bbox 786 2835 877 2897; x_wconf 85' lang='lat' dir='ltr'><strong>vetus</strong></span> <span class='ocrx_word' id='word_1_188' title='bbox 899 2832 1037 2898; x_wconf 86' lang='lat' dir='ltr'><strong>historia</strong></span> <span class='ocrx_word' id='word_1_189' title='bbox 1056 2855 1140 2898; x_wconf 88' lang='lat' dir='ltr'><strong>oom-</strong></span> 
     </span>
     <span class='ocr_line' id='line_1_35' title="bbox 127 2917 1139 3006; baseline 0.004 -24"><span class='ocrx_word' id='word_1_190' title='bbox 127 2918 267 2986; x_wconf 86' lang='lat' dir='ltr'><strong>mendat</strong></span> <span class='ocrx_word' id='word_1_191' title='bbox 313 2917 377 2984; x_wconf 82' lang='lat' dir='ltr'><strong>Sed</strong></span> <span class='ocrx_word' id='word_1_192' title='bbox 403 2919 457 2985; x_wconf 92' lang='lat' dir='ltr'><strong>hic</strong></span> <span class='ocrx_word' id='word_1_193' title='bbox 480 2922 673 2986; x_wconf 89' lang='lat' dir='ltr'><strong>commotior</strong></span> <span class='ocrx_word' id='word_1_194' title='bbox 699 2942 756 2985; x_wconf 86' lang='lat' dir='ltr'><strong>rex</strong></span> <span class='ocrx_word' id='word_1_195' title='bbox 780 2920 899 2998; x_wconf 70' lang='lat' dir='ltr'><strong>‘Quam</strong></span> <span class='ocrx_word' id='word_1_196' title='bbox 925 2920 1065 3006; x_wconf 87' lang='lat' dir='ltr'><strong>vellem,&#39;</strong></span> <span class='ocrx_word' id='word_1_197' title='bbox 1094 2923 1139 2986; x_wconf 90' lang='lat' dir='ltr'><strong>in·</strong></span> 
     </span>
    </p>
   </div>
   <div class='ocr_carea' id='block_1_6' title="bbox 125 3092 1139 3519">
    <p class='ocr_par' dir='ltr' id='par_1_9' title="bbox 125 3092 1139 3519">
     <span class='ocr_line' id='line_1_36' title="bbox 214 3092 1137 3164; baseline 0.001 -17"><span class='ocrx_word' id='word_1_198' title='bbox 214 3094 429 3163; x_wconf 72' lang='lat' dir='ltr'><strong>dpeperuntA.</strong></span> <span class='ocrx_word' id='word_1_199' title='bbox 467 3101 483 3149; x_wconf 88' lang='grc'><strong>6</strong></span> <span class='ocrx_word' id='word_1_200' title='bbox 502 3094 582 3164; x_wconf 78' lang='lat' dir='ltr'><strong>origa</strong></span> <span class='ocrx_word' id='word_1_201' title='bbox 596 3098 624 3149; x_wconf 89' lang='lat' dir='ltr'><strong>et</strong></span> <span class='ocrx_word' id='word_1_202' title='bbox 638 3094 879 3164; x_wconf 87' lang='lat' dir='ltr'><strong>praesentissimos</strong></span> <span class='ocrx_word' id='word_1_203' title='bbox 886 3097 918 3150; x_wconf 91' lang='lat' dir='ltr'><strong>P.</strong></span> <span class='ocrx_word' id='word_1_204' title='bbox 956 3101 972 3149; x_wconf 89' lang='lat'>8</span> <span class='ocrx_word' id='word_1_205' title='bbox 992 3092 1137 3148; x_wconf 79' lang='lat' dir='ltr'><strong>lacesseA.</strong></span> 
     </span>
     <span class='ocr_line' id='line_1_37' title="bbox 127 3162 1138 3246; baseline 0.001 -30"><span class='ocrx_word' id='word_1_206' title='bbox 127 3168 159 3218; x_wconf 90' lang='lat'><strong>10</strong></span> <span class='ocrx_word' id='word_1_207' title='bbox 178 3162 372 3232; x_wconf 86' lang='lat' dir='ltr'><strong>impatientius</strong></span> <span class='ocrx_word' id='word_1_208' title='bbox 391 3165 494 3220; x_wconf 79' lang='lat' dir='ltr'><strong>Eberb.</strong></span> <span class='ocrx_word' id='word_1_209' title='bbox 526 3165 741 3234; x_wconf 87' lang='lat' dir='ltr'><strong>impatientibus</strong></span> <span class='ocrx_word' id='word_1_210' title='bbox 760 3167 795 3221; x_wconf 79' lang='lat' dir='ltr'><strong>A.</strong></span> <span class='ocrx_word' id='word_1_211' title='bbox 805 3167 838 3220; x_wconf 85' lang='lat' dir='ltr'><strong>P.</strong></span> <span class='ocrx_word' id='word_1_212' title='bbox 913 3172 945 3220; x_wconf 93' lang='grc'><strong>12</strong></span> <span class='ocrx_word' id='word_1_213' title='bbox 965 3169 1028 3220; x_wconf 69' lang='lat' dir='ltr'><strong>crete</strong></span> <span class='ocrx_word' id='word_1_214' title='bbox 1047 3181 1138 3246; x_wconf 76' lang='lat' dir='ltr'><strong>rever-</strong></span> 
     </span>
     <span class='ocr_line' id='line_1_38' title="bbox 126 3234 1137 3304; baseline 0.003 -17"><span class='ocrx_word' id='word_1_215' title='bbox 126 3250 221 3289; x_wconf 92' lang='lat' dir='ltr'><strong>surum</strong></span> <span class='ocrx_word' id='word_1_216' title='bbox 235 3235 300 3290; x_wconf 75' lang='lat' dir='ltr'><strong>Mar·</strong></span> <span class='ocrx_word' id='word_1_217' title='bbox 312 3237 431 3292; x_wconf 65' lang='lat' dir='ltr'><strong>insedit</strong></span> <span class='ocrx_word' id='word_1_218' title='bbox 445 3235 573 3292; x_wconf 83' lang='lat' dir='ltr'><strong>arbitror.</strong></span> <span class='ocrx_word' id='word_1_219' title='bbox 612 3241 645 3289; x_wconf 87' lang='grc'><strong>14</strong></span> <span class='ocrx_word' id='word_1_220' title='bbox 663 3237 720 3291; x_wconf 88' lang='lat' dir='ltr'><strong>Hos</strong></span> <span class='ocrx_word' id='word_1_221' title='bbox 738 3237 870 3292; x_wconf 88' lang='lat' dir='ltr'><strong>murosP.</strong></span> <span class='ocrx_word' id='word_1_222' title='bbox 910 3242 943 3291; x_wconf 86' lang='grc'><strong>18</strong></span> <span class='ocrx_word' id='word_1_223' title='bbox 963 3234 1137 3304; x_wconf 81' lang='lat' dir='ltr'><strong>quicqurdA.</strong></span> 
     </span>
     <span class='ocr_line' id='line_1_39' title="bbox 127 3304 1138 3377; baseline 0.004 -18"><span class='ocrx_word' id='word_1_224' title='bbox 127 3311 159 3360; x_wconf 84' lang='lat'><strong>19</strong></span> <span class='ocrx_word' id='word_1_225' title='bbox 173 3304 219 3360; x_wconf 88' lang='lat' dir='ltr'><strong>illi</strong></span> <span class='ocrx_word' id='word_1_226' title='bbox 226 3305 302 3360; x_wconf 92' lang='lat' dir='ltr'><strong>idem</strong></span> <span class='ocrx_word' id='word_1_227' title='bbox 313 3307 352 3361; x_wconf 91' lang='lat' dir='ltr'><strong>dii</strong></span> <span class='ocrx_word' id='word_1_228' title='bbox 361 3308 502 3377; x_wconf 86' lang='lat' dir='ltr'><strong>praeditos</strong></span> <span class='ocrx_word' id='word_1_229' title='bbox 510 3306 543 3361; x_wconf 91' lang='lat' dir='ltr'><strong>P.</strong></span> <span class='ocrx_word' id='word_1_230' title='bbox 576 3312 609 3360; x_wconf 89' lang='grc'><strong>21</strong></span> <span class='ocrx_word' id='word_1_231' title='bbox 626 3308 746 3364; x_wconf 59' lang='lat' dir='ltr'><strong>etiams</strong></span> <span class='ocrx_word' id='word_1_232' title='bbox 766 3310 827 3361; x_wconf 91' lang='lat' dir='ltr'><strong>tum</strong></span> <span class='ocrx_word' id='word_1_233' title='bbox 834 3306 869 3362; x_wconf 78' lang='lat' dir='ltr'><strong>A.</strong></span> <span class='ocrx_word' id='word_1_234' title='bbox 878 3306 911 3360; x_wconf 92' lang='lat' dir='ltr'><strong>P.</strong></span> <span class='ocrx_word' id='word_1_235' title='bbox 945 3311 979 3361; x_wconf 88' lang='grc'><strong>22</strong></span> <span class='ocrx_word' id='word_1_236' title='bbox 993 3307 1138 3376; x_wconf 83' lang='lat' dir='ltr'><strong>pepereA.</strong></span> 
     </span>
     <span class='ocr_line' id='line_1_40' title="bbox 125 3376 1139 3448; baseline 0.002 -19"><span class='ocrx_word' id='word_1_237' title='bbox 125 3382 160 3432; x_wconf 84' lang='grc'><strong>28</strong></span> <span class='ocrx_word' id='word_1_238' title='bbox 173 3377 342 3446; x_wconf 88' lang='lat' dir='ltr'><strong>populeriP.</strong></span> <span class='ocrx_word' id='word_1_239' title='bbox 362 3376 542 3448; x_wconf 79' lang='lat' dir='ltr'><strong>postulariA.</strong></span> <span class='ocrx_word' id='word_1_240' title='bbox 580 3383 614 3432; x_wconf 85' lang='lat'><strong>30</strong></span> <span class='ocrx_word' id='word_1_241' title='bbox 629 3377 784 3432; x_wconf 89' lang='lat' dir='ltr'><strong>alcmenam</strong></span> <span class='ocrx_word' id='word_1_242' title='bbox 791 3379 826 3433; x_wconf 78' lang='lat' dir='ltr'><strong>A.</strong></span> <span class='ocrx_word' id='word_1_243' title='bbox 835 3378 867 3433; x_wconf 91' lang='lat' dir='ltr'><strong>P.</strong></span> <span class='ocrx_word' id='word_1_244' title='bbox 905 3383 938 3432; x_wconf 81' lang='grc'><strong>81</strong></span> <span class='ocrx_word' id='word_1_245' title='bbox 954 3378 1037 3432; x_wconf 88' lang='lat' dir='ltr'><strong>ulnae</strong></span> <span class='ocrx_word' id='word_1_246' title='bbox 1047 3376 1139 3448; x_wconf 82' lang='lat' dir='ltr'><strong>digni·</strong></span> 
     </span>
     <span class='ocr_line' id='line_1_41' title="bbox 125 3447 1137 3519; baseline 0.003 -17"><span class='ocrx_word' id='word_1_247' title='bbox 125 3448 205 3503; x_wconf 83' lang='lat' dir='ltr'><strong>tatae</strong></span> <span class='ocrx_word' id='word_1_248' title='bbox 219 3449 284 3503; x_wconf 87' lang='lat' dir='ltr'><strong>sunt</strong></span> <span class='ocrx_word' id='word_1_249' title='bbox 293 3448 367 3504; x_wconf 77' lang='lat' dir='ltr'><strong>Keil.</strong></span> <span class='ocrx_word' id='word_1_250' title='bbox 396 3449 521 3505; x_wconf 92' lang='lat' dir='ltr'><strong>eiusdem</strong></span> <span class='ocrx_word' id='word_1_251' title='bbox 534 3447 606 3503; x_wconf 83' lang='lat' dir='ltr'><strong>iovis</strong></span> <span class='ocrx_word' id='word_1_252' title='bbox 621 3447 686 3502; x_wconf 89' lang='lat' dir='ltr'><strong>iuna</strong></span> <span class='ocrx_word' id='word_1_253' title='bbox 701 3451 753 3519; x_wconf 85' lang='lat' dir='ltr'><strong>(cel</strong></span> <span class='ocrx_word' id='word_1_254' title='bbox 767 3449 860 3518; x_wconf 76' lang='lat' dir='ltr'><strong>uinel)</strong></span> <span class='ocrx_word' id='word_1_255' title='bbox 876 3447 1015 3519; x_wconf 82' lang='lat' dir='ltr'><strong>dignitate</strong></span> <span class='ocrx_word' id='word_1_256' title='bbox 1030 3451 1096 3504; x_wconf 90' lang='lat' dir='ltr'><strong>sunt</strong></span> <span class='ocrx_word' id='word_1_257' title='bbox 1104 3450 1137 3506; x_wconf 93' lang='lat' dir='ltr'><strong>P.</strong></span> 
     </span>
    </p>
   </div>
   <div class='ocr_carea' id='block_1_7' title="bbox 122 3517 1138 3646">
    <p class='ocr_par' dir='ltr' id='par_1_10' title="bbox 122 3517 1138 3646">
     <span class='ocr_line' id='line_1_42' title="bbox 122 3517 1138 3591; baseline 0.007 -21"><span class='ocrx_word' id='word_1_258' title='bbox 122 3517 215 3574; x_wconf 86' lang='lat' dir='ltr'><strong>isdem</strong></span> <span class='ocrx_word' id='word_1_259' title='bbox 237 3518 310 3574; x_wconf 89' lang='lat' dir='ltr'><strong>iovis</strong></span> <span class='ocrx_word' id='word_1_260' title='bbox 328 3518 460 3591; x_wconf 82' lang='lat' dir='ltr'><strong>dignatus</strong></span> <span class='ocrx_word' id='word_1_261' title='bbox 484 3519 542 3590; x_wconf 75' lang='lat' dir='ltr'><strong>sipt</strong></span> <span class='ocrx_word' id='word_1_262' title='bbox 560 3520 596 3574; x_wconf 79' lang='lat' dir='ltr'><strong>A.</strong></span> <span class='ocrx_word' id='word_1_263' title='bbox 633 3519 708 3574; x_wconf 88' lang='lat' dir='ltr'><strong>idem</strong></span> <span class='ocrx_word' id='word_1_264' title='bbox 731 3520 801 3577; x_wconf 86' lang='lat' dir='ltr'><strong>toris</strong></span> <span class='ocrx_word' id='word_1_265' title='bbox 824 3521 955 3590; x_wconf 81' lang='lat' dir='ltr'><strong>dignatus</strong></span> <span class='ocrx_word' id='word_1_266' title='bbox 979 3521 1018 3574; x_wconf 90' lang='lat' dir='ltr'><strong>sit</strong></span> <span class='ocrx_word' id='word_1_267' title='bbox 1036 3520 1138 3576; x_wconf 78' lang='lat' dir='ltr'><strong>Ederb.</strong></span> 
     </span>
     <span class='ocr_line' id='line_1_43' title="bbox 215 3588 492 3646; baseline 0.007 -4"><span class='ocrx_word' id='word_1_268' title='bbox 215 3588 264 3644; x_wconf 78' lang='lat'><strong>58.</strong></span> <span class='ocrx_word' id='word_1_269' title='bbox 298 3596 332 3646; x_wconf 83' lang='lat'><strong>34</strong></span> <span class='ocrx_word' id='word_1_270' title='bbox 350 3591 438 3646; x_wconf 85' lang='lat' dir='ltr'><strong>vellet</strong></span> <span class='ocrx_word' id='word_1_271' title='bbox 457 3592 492 3646; x_wconf 85' lang='lat' dir='ltr'><strong>A.</strong></span> 
     </span>
    </p>
   </div>
   <div class='ocr_carea' id='block_1_8' title="bbox 0 0 1328 3924">
    <p class='ocr_par' dir='ltr' id='par_1_11' title="bbox 0 0 1328 3924">
     <span class='ocr_line' id='line_1_44' title="bbox 0 0 1328 3924; baseline 0 0"><span class='ocrx_word' id='word_1_272' title='bbox 0 0 1328 3924; x_wconf 95' lang='lat' dir='ltr'><strong> </strong></span> 
     </span>
    </p>
   </div>
  </div>
 </body>
</html>
