2654 3926
157 217 201 281 52
515 244 530 250 ν
588 217 697 273 LIBER
715 221 735 273 I.

56 377 59 384 ’
157 381 229 464 regi
258 381 466 464 respondere:
500 379 701 464 ‘Hystaspes
731 384 765 445 et
795 379 948 465 Spinther
980 382 1039 447 deo
1069 381 1170 449 Dario

158 469 296 533 salutem
316 469 436 533 dicunt.
475 469 633 533 Miramur
652 471 732 533 satis
751 470 885 534 latuisse
904 476 947 555 te,
970 493 1035 552 rex,
1058 475 1170 537 tantae

157 557 373 622 multitudinis
384 558 541 642 impetum
552 559 982 644 supervenirenostratibus,
992 559 1048 644 qui
1058 562 1170 645 quales

158 647 336 730 quantique
362 647 436 725 sint,
461 668 525 731 quo
549 646 677 710 facilius
701 648 890 726 noscitaraa
914 648 1065 732 quinque,
1089 672 1170 734 quos

123 758 137 798 a
157 733 242 798 forte
261 733 403 800 indidem
422 738 536 820 captos
555 734 758 820 haberemus,
777 737 901 801 vinctos
920 738 1171 820 transmisimus,

156 844 223 888 non
243 824 313 888 ausi
333 845 446 888 eorum
468 824 557 888 ultra
576 823 698 907 aliquid
716 825 888 908 inquirere,
912 847 994 908 quae
1018 827 1085 890 sint
1106 826 1170 891 fcr-

158 912 256 976 tassis
287 911 404 976 melius
433 913 504 995 regi
533 912 717 995 praescitui.
768 912 853 977 Boni
882 913 983 997 igitur
1013 916 1171 996 consules,

157 1000 458 1084 quamprimumque
481 1022 554 1064 cum
579 1000 721 1065 exercitu
742 1001 793 1065 vel
813 1001 1041 1084 potentissimo
1066 1003 1170 1068 eidem

157 1087 325 1154 obviabis?

117 1201 143 1238 ιο
246 1175 305 1242 42.
351 1176 415 1242 Sed
450 1197 490 1240 ne
528 1177 574 1241 sic
614 1176 744 1260 quidem
785 1176 986 1242 abiciendam
1023 1180 1169 1245 mollicn-
1189 1189 1233 1239 50.

88 1304 91 1314 .
159 1267 272 1330 damve
302 1264 423 1329 Darius
453 1264 681 1350 adrogantiam
711 1269 813 1350 putat.
865 1265 964 1331 Enim
995 1268 1169 1353 respondet

159 1354 293 1422 ducibus
326 1354 531 1434 memoratis,
561 1355 649 1418 ultra
683 1354 751 1419 illis
785 1376 875 1439 spem
907 1357 993 1420 vitae
1027 1356 1170 1441 agendae

157 1443 223 1507 iam
243 1441 473 1527 deponendam,
497 1444 526 1508 si
547 1443 642 1509 modo
667 1443 798 1509 creditis
817 1444 881 1509 sibi
899 1444 1017 1508 finibus
1042 1445 1170 1507 absces-

159 1532 287 1597 sissent.
334 1530 459 1616 Quippe
482 1533 620 1598 virtutes
648 1532 793 1598 hosticas
821 1533 993 1619 magnifice
1019 1535 1169 1596 executus

118 1642 144 1682 rs
158 1621 294 1686 nihilum
318 1621 454 1705 periculi
477 1622 719 1704 monstravisse,
742 1642 806 1706 quc
829 1643 942 1706 reapse
966 1621 1046 1686 scire
1064 1619 1170 1684 Mace·

158 1710 276 1774 donum
300 1710 525 1774 fortitudinem
548 1709 742 1793 potuissent.
789 1708 848 1772 ‘Et
871 1732 967 1792 quem
994 1710 1080 1774 enim
1104 1709 1169 1773 vul-

158 1796 326 1879 neratum,'
342 1798 457 1881 inquit,
468 1796 633 1877 ‘vestrum
644 1817 780 1879 quemve
794 1797 1026 1882 interemptum
1038 1799 1170 1863 audiens

158 1886 221 1950 hoc
239 1883 448 1949 coniectem?'
485 1883 578 1949 Nihil
597 1884 698 1967 igitur
717 1905 894 1968 superesse,
912 1906 1009 1966 quam
1028 1887 1078 1950 uti
1096 1908 1169 1968 pro-

158 1974 218 2037 bro
241 1971 342 2036 fuisse
369 1971 555 2036 huiusmodi
577 1971 674 2035 duces
697 1971 870 2036 Persarum
897 1992 998 2057 regno
1027 1974 1171 2037 sentiret.

119 2084 146 2124 so
160 2060 223 2125 Sed
241 2061 326 2124 inter
343 2060 424 2125 hacc
442 2060 508 2124 iam
521 2059 743 2124 Alexandrum
761 2060 878 2124 iuxtim
895 2061 1043 2144 posuisse
1063 2063 1171 2126 castra
1184 2066 1241 2120 XL.

158 2149 263 2215 noscit
289 2152 486 2234 propterque
509 2149 652 2215 vicinum
674 2147 810 2213 fluvium
832 2149 1018 2214 mansitare.
1064 2149 1171 2234 Igitur

158 2239 199 2304 ad
222 2238 330 2322 ipsum
353 2260 464 2303 rursus
488 2241 529 2310 et=
543 2237 711 2303 nominum
730 2238 957 2322 adrogantiam
980 2242 1014 2303 ct
1038 2238 1170 2304 deorum

158 2328 358 2393 consortium
386 2327 449 2391 sibi
471 2327 638 2392 vindicans
668 2327 876 2413 gentiumque
904 2349 937 2392 se
967 2330 1095 2392 centum
1124 2330 1171 2392 at-

159 2437 221 2500 que
244 2416 366 2502 viginti
385 2415 551 2482 dominum
571 2416 760 2499 praedicans
783 2415 831 2480 ita
854 2416 981 2481 scribit:
1005 2415 1170 2482 ‘Latuitne
1189 2425 1234 2477 51.

118 2527 144 2567 as
158 2509 191 2570 te
215 2505 329 2588 solum,
352 2504 545 2590 Alexander,
568 2503 661 2568 Darii
684 2526 804 2570 nomen
826 2504 994 2590 honosque
1017 2506 1084 2591 ille,
1108 2526 1170 2590 quo

158 2615 219 2658 nos
248 2595 349 2659 donat
368 2598 478 2678 atque
507 2593 682 2677 participat
711 2615 829 2677 supera
860 2593 1037 2658 maiestas?
1070 2613 1170 2677 eoque

159 2704 256 2746 ausus
289 2704 322 2747 es
354 2683 548 2746 transmisso
580 2683 664 2747 mari
695 2680 813 2746 Persas
845 2682 946 2747 veluti
978 2681 1083 2745 hostis
1116 2702 1170 2765 ap-

158 2769 300 2853 pellere?
322 2791 389 2834 non
411 2771 636 2835 beatissimum
659 2774 765 2854 ratus,
789 2771 816 2834 si
840 2773 1010 2836 contentus
1034 2769 1170 2853 imperio

249 3013 400 3082 IStaspes
419 3015 448 3068 et
467 3013 587 3094 Spyntes
606 3015 640 3070 P.
674 3015 795 3084 Spyntar
812 3012 848 3068 A.
902 3013 904 3016 ’
938 3012 1115 3083 dinquirere
1135 3014 1170 3070 P.

159 3086 279 3140 fortasse
293 3091 321 3138 2.
395 3086 531 3140 'lmelrus
549 3102 599 3141 om.
618 3086 654 3140 A.
691 3082 845 3155 praesciuit
864 3083 898 3138 P.

248 3155 296 3212 42.
326 3161 360 3209 10
378 3171 430 3211 nec
445 3155 486 3210 sic
500 3155 613 3226 quidem
624 3157 660 3212 A.
704 3162 736 3209 12
756 3156 882 3226 agendae
898 3155 971 3210 Mai.
1001 3156 1170 3226 agereAP.

161 3234 194 3282 14
212 3228 360 3299 magnifice
374 3244 424 3283 om.
440 3227 474 3281 P.
524 3231 558 3282 15
577 3245 632 3296 quo
646 3245 677 3282 re
691 3229 727 3282 ab
742 3244 771 3282 se
785 3233 813 3281 2.
841 3241 940 3295 quare
954 3227 990 3280 ab
1005 3243 1034 3280 se
1049 3226 1120 3282 scire
1136 3227 1170 3283 P.

159 3315 246 3368 quare
265 3300 397 3354 abscessu
414 3297 456 3353 ire
474 3297 510 3352 A.
558 3305 590 3353 19
610 3298 747 3353 eiusmodi
765 3304 792 3352 r.
844 3303 878 3350 21
896 3297 1050 3352 mansitare
1069 3297 1101 3351 P.
1129 3297 1170 3351 in·

159 3369 274 3424 visitare
284 3373 319 3423 A.
357 3375 391 3423 22
412 3369 604 3440 arrogantium
615 3370 649 3424 P.
687 3375 720 3423 23
740 3386 769 3423 se
788 3371 901 3422 cantum
912 3371 946 3422 A.
967 3369 1127 3423 sexcentum
1137 3368 1171 3422 P.

160 3442 241 3494 2010
260 3457 310 3494 om.
329 3447 357 3494 2.
391 3439 470 3494 Darii
488 3457 538 3496 cm.
558 3447 585 3494 2.
630 3446 664 3494 26
685 3440 771 3494 donat
789 3440 858 3493 M.
885 3439 936 3494 dat
955 3439 988 3493 P.
1034 3445 1067 3493 27
1088 3455 1171 3494 ausus

160 3526 190 3564 es
208 3510 371 3566 transmisso
391 3510 463 3565 Mai.
500 3528 595 3565 rursus
619 3527 653 3565 ex
675 3510 839 3566 transmisso
858 3510 894 3564 A.
932 3528 1026 3565 rursus
1050 3512 1171 3565 retrans-

158 3578 244 3634 misso
265 3581 299 3634 P.
336 3581 480 3650 appellare
498 3581 534 3637 A.
