2654 3926
141 269 148 282 ι
165 192 191 246 X
565 187 781 244 PRAEFATIO.

240 352 375 416 Ineunte
388 351 516 416 saeculo
527 356 639 417 nostro
647 352 807 418 Amedeus
815 354 949 438 Peyron,
959 351 1175 418 bibliothecae

166 439 375 506 Taurinensis
397 461 540 525 praeses,
568 441 644 526 quid
669 445 818 506 etvetus
846 446 879 506 et
906 463 990 508 nova
1016 442 1176 524 scriptura

166 530 362 612 contineret,
392 529 553 614 cognovit.
605 529 667 605 cui
698 551 769 593 eum
801 531 839 595 de
869 531 1030 615 scriptura
1060 530 1177 614 priore,

167 640 248 703 quae
272 618 390 683 codicis
408 617 627 683 Theodosiani
644 618 830 702 fragmenta
848 618 1043 702 continebat,
1065 618 1178 682 rectis-

167 709 246 771 sime
269 707 433 791 iudicaret,
456 707 495 771 de
516 705 600 771 Iulio
619 705 754 771 Valerio
774 707 937 792 Angelum
956 705 1079 771 Maium
1104 727 1178 770 con-

168 797 277 880 suluit,
300 797 356 880 qui
374 797 470 879 paulo
493 799 568 860 ante
588 791 689 881 (anno
711 793 812 882 1817)
832 796 967 860 eundem
987 795 1177 879 scriptorem

168 907 207 949 ex
230 885 337 950 codice
362 883 577 948 Ambrosiano
602 883 751 948 ediderat.
799 884 861 949 Hic
885 906 958 949 cum
981 905 1066 948 anno
1092 883 1176 949 1817

168 974 293 1058 aliquot
314 972 380 1036 dies
400 970 569 1058 Augustae
588 972 804 1036 Taurinorum
823 975 1014 1054 versaretur,
1037 972 1108 1055 ipse
1127 993 1179 1036 co·

169 1059 271 1127 dicem
292 1062 384 1125 illurn
405 1061 599 1143 rescriptum
620 1058 802 1146 inspexit1).
838 1059 951 1145 Neque
971 1081 1048 1125 vero
1068 1061 1180 1145 magni

167 1151 264 1234 pretii
288 1171 361 1214 eum
385 1171 456 1214 esse
475 1150 613 1234 putarit,
636 1171 709 1213 cum
733 1171 806 1213 eum
830 1152 958 1214 saeculo
980 1148 1179 1233 duodecimo,

168 1241 243 1322 post
260 1239 404 1304 codicem
427 1238 687 1320 Ambrosianum,
708 1259 771 1323 quo
790 1238 860 1322 ipse
879 1260 956 1303 usus
976 1241 1055 1322 erat,
1080 1239 1180 1321 scrip-

168 1330 239 1390 tum
269 1348 340 1390 esse
370 1327 589 1410 lectionesque
620 1348 715 1410 saepe
743 1329 966 1393 Ambrosianis
995 1327 1180 1407 deteriores,

169 1414 330 1479 interdum
347 1417 473 1480 tantum
489 1416 639 1480 meliores
656 1413 839 1505 exhibere2)
856 1417 1077 1481 arbitraretur.
1109 1413 1181 1478 Hoc

169 1506 278 1568 tamen
298 1504 461 1588 cognorit,
485 1505 616 1570 initium
637 1506 713 1570 libri
733 1507 832 1588 primi
851 1503 891 1591 (c.
913 1501 1035 1588 1-10)
1059 1506 1092 1567 et
1116 1524 1181 1580 ma·

170 1612 268 1677 gnam
287 1598 413 1677 partem
431 1594 506 1658 libri
526 1595 660 1658 alterius
681 1591 721 1681 (c.
741 1593 898 1680 24-30),
919 1614 1001 1677 quae
1020 1594 1055 1656 in
1073 1590 1182 1655 codice

170 1682 389 1747 Ambrosiano
419 1683 547 1746 arnissis
578 1682 847 1765 quaternionibus
875 1683 979 1764 primo
1009 1684 1041 1745 et
1068 1680 1181 1764 quinto

171 1768 296 1853 desunt,
315 1771 350 1833 in
369 1770 479 1834 codice
499 1769 689 1833 Taurinensi
709 1770 839 1832 servata
857 1765 969 1853 esse3).
1011 1767 1073 1833 Sed
1091 1789 1131 1831 ne
1149 1767 1182 1830 id

170 1857 299 1940 quidem
323 1857 450 1921 videtur
477 1877 549 1919 eum
578 1855 617 1919 ad
642 1855 797 1920 maiorem
825 1854 945 1919 codicis
967 1855 1182 1920 reuerentiam

172 1944 351 2029 adduxisse,
375 1944 534 2029 siquidem
551 1944 678 2008 credere
698 1943 774 2008 licet
789 1942 940 2026 Peyroni,
964 1942 1019 2027 qui
1040 1943 1074 2006 in
1092 1962 1183 2025 prae·

171 2031 295 2097 satione
320 2031 446 2097 Codicis
469 2031 686 2096 Theodosiani
713 2032 985 2118 fragmentorum,
1014 2052 1095 2114 quae
1118 2031 1183 2095 Au·

172 2124 288 2204 gustae
306 2120 522 2185 Taurinorum
544 2121 629 2186 1823
647 2120 846 2204 prodierunt,
864 2121 943 2184 haec
961 2123 1101 2184 testatus
1121 2123 1184 2184 est:

173 2207 354 2294 ‘Specimen
386 2209 582 2274 varietatum
615 2209 761 2274 lectionis
794 2209 1107 2274 communicaveram
1138 2206 1185 2275 (ll.

173 2297 241 2362 Mai
269 2302 404 2362 exeunte
433 2297 544 2362 eodem
574 2320 672 2376 anno,
701 2297 755 2362 sed
778 2299 832 2363 rix
860 2298 890 2361 ci
918 2297 1052 2380 dignum
1081 2297 1185 2361 visum

174 2391 239 2470 est,
272 2387 357 2472 quod
387 2407 479 2451 suam
509 2387 720 2450 attentionem
750 2387 915 2471 paulisper
948 2384 1184 2472 moraretur4).'
1236 2385 1239 2390 ’

266 2637 291 2704 1)
311 2634 392 2688 Philo
424 2636 453 2688 et
479 2631 594 2700 Virgilii
622 2632 808 2702 Interpretes,
838 2631 940 2686 edente
971 2630 1071 2700 Angel.
1100 2628 1185 2684 Maio.

174 2703 287 2760 medior.
308 2709 385 2758 1818.
413 2722 440 2772 p.
456 2702 611 2758 XXXVIII:
638 2704 714 2758 ‘Iam
732 2719 799 2758 vcro
822 2719 871 2771 per
892 2703 1020 2757 autumni
1039 2699 1187 2770 praeteriti

174 2775 259 2829 ferias
275 2792 359 2843 quum
374 2776 530 2842 Angustam
545 2773 729 2828 Taurinorum
745 2772 933 2840 accessissem,
947 2770 988 2826 ibi
1001 2773 1044 2827 vir
1058 2771 1186 2840 eximius,

176 2847 283 2900 amicus
297 2862 383 2912 meus,
397 2843 537 2900 Amedeus
547 2843 688 2912 Peyronus
701 2843 868 2898 ostendebat
881 2843 952 2898 mihi
966 2843 1089 2898 codicem
1100 2858 1188 2896 mem-

175 2914 441 3039 braneumlsaeculo
460 2915 571 2969 circiter
589 2913 642 2968 XII
661 2915 797 2984 scriptum
817 2914 881 2968 etc!

265 2993 280 3041 2
325 3005 371 3042 .s.
391 3004 412 3040 s.

266 2989 293 3128 ΒΞ
315 3058 352 3110 ‘Is
371 3056 459 3112 codex
478 3073 608 3126 magnam
627 3056 740 3123 quidem
764 3056 807 3110 sui
825 3057 935 3123 partem
959 3054 1069 3122 amisit,
1093 3071 1127 3109 ea
1145 3057 1188 3110 ta·

177 3144 255 3253 pren,
278 3146 350 3199 quae
364 3127 575 3251 ppperest,dilli
593 3125 712 3251 pprupno
730 3125 786 3181 loci
807 3125 976 3194 sarciuntur,
1002 3125 1051 3195 qui
1070 3142 1104 3180 ex
1123 3126 1189 3179 Am·

197 3216 307 3255 romano
329 3214 362 3254 co
383 3215 425 3253 roe
444 3214 505 3253 excr
526 3214 614 3252 erun.
679 3217 724 3252 .s.
745 3215 766 3252 s.

267 3274 294 3340 4)
314 3271 414 3324 Exstat
427 3269 519 3323 adhuc
537 3271 567 3323 in
580 3268 753 3323 bibliotheca
768 3265 907 3322 Vaticana
923 3267 998 3322 inter
1016 3267 1133 3323 schedas
1153 3266 1189 3320 ab

178 3340 287 3411 Angelo
303 3341 379 3397 Maio
393 3340 506 3396 relictas
520 3339 592 3393 illud
613 3337 767 3408 ‘specimen
780 3337 962 3394 varietatum’
982 3355 1115 3393 unacum
1131 3337 1189 3407 epi·

179 3413 262 3481 stola,
282 3428 367 3481 quam
387 3412 494 3482 Peyron
514 3411 563 3479 cis,
582 3426 654 3479 quae
673 3411 709 3464 ad
729 3410 834 3466 Maium
853 3410 939 3476 misit,
958 3407 1076 3463 addidit.
1113 3409 1190 3462 Haec

179 3483 274 3537 omnia
292 3483 434 3552 Augustus
453 3482 527 3549 Mau,
547 3497 603 3549 qua
622 3482 665 3536 est
683 3480 867 3546 liberalitate,
885 3481 915 3533 in
933 3496 1027 3534 meum
1045 3497 1126 3534 nsum
1145 3495 1191 3532 ac·

179 3554 353 3608 curatissime
368 3551 516 3623 descripsit
525 3552 688 3622 gratiasque
703 3551 729 3606 ei
743 3568 797 3622 ago
808 3567 892 3622 quam
907 3550 1050 3606 maximas.
1080 3549 1191 3621 Operae
