2648 3924
174 183 240 248 130
591 179 700 235 LIBER
716 180 764 234 ΙΙΙ.

172 345 294 411 tudinis
319 343 437 410 cubitis
461 343 584 428 decem,
607 364 740 428 eaeque,
763 364 826 427 quo
850 346 1014 428 poterant,
1038 343 1185 410 homines

173 434 330 500 involant.
377 431 469 498 Tunc
497 453 535 496 ex
562 431 678 497 iisdem
707 433 813 496 arenis
837 432 990 497 crocodili
1006 433 1112 497 etiam
1136 454 1186 497 ex·

174 525 296 588 stantes
310 521 434 605 passim
453 520 610 586 invadunt
624 520 845 605 quadrupedia
862 521 1026 585 militaria.
1053 520 1105 586 Ad
1124 521 1187 586 hoo

175 611 280 692 alites,
303 610 420 695 quibus
440 609 525 694 apud
543 631 602 675 nos
622 609 816 674 vocabulum
834 609 1022 692 vespertilio
1047 614 1106 693 est,
1130 609 1186 674 sed

146 720 256 785 aquae
279 699 347 764 illic
369 719 466 782 super
489 698 715 763 columbarum
739 697 1010 783 magnitudinem,
1034 698 1185 763 dentibus

172 793 283 853 tamen
311 787 351 852 ad
378 787 515 852 humani
542 787 644 851 rictus
667 786 842 851 valentiam
867 807 980 852 saevae
1009 791 1098 871 sunt,
1126 786 1185 851 cir·

172 877 357 942 cumvolare
390 896 523 959 coepere
552 879 585 940 et
616 871 795 960 quibusque
823 875 1056 940 incautioribus
1091 895 1184 939 aures

172 969 230 1030 aut
256 986 351 1029 nares
380 967 437 1029 aut
465 963 585 1049 digitos
608 984 805 1049 praesecata.
851 963 936 1029 Tum
958 964 1184 1029 rhinocoraces

170 1053 346 1137 insecutae,
371 1052 427 1117 sed
451 1073 506 1117 eae
531 1073 608 1117 sane
630 1073 736 1136 neque
760 1051 801 1116 ad
823 1052 972 1117 homines
997 1053 1185 1116 saeviebant

132 1165 158 1205 10
172 1163 276 1226 neque
303 1143 396 1226 ignes
424 1143 546 1205 temere
575 1139 780 1206 advolabant.
832 1141 975 1206 Tandem
1005 1142 1106 1227 igitur
1135 1161 1183 1204 re·

173 1232 307 1296 stitutus
331 1230 394 1293 diei
416 1229 676 1314 intelligensque,
698 1229 734 1292 in
756 1231 878 1314 quanta
902 1229 1089 1295 discrimina
1111 1251 1183 1312 pro·

173 1320 322 1384 deremur
346 1318 387 1383 ab
411 1317 501 1384 hisce
524 1317 623 1399 Indis,
647 1317 702 1402 qui
727 1339 796 1382 sese
820 1319 978 1383 salutares
1002 1318 1111 1382 itineri
1135 1317 1183 1380 fu-

172 1410 266 1471 turos
285 1427 355 1471 esse
372 1407 469 1471 nobis
482 1405 623 1491 polliciti
638 1409 741 1486 erant,
761 1427 816 1470 eos
836 1407 878 1471 ob
892 1407 1015 1470 fraudis
1030 1406 1183 1470 meritum

172 1494 293 1560 eisdem
317 1495 408 1580 aquis
430 1495 622 1579 praecipites
644 1495 714 1558 dari
735 1495 908 1579 necarique
928 1496 1086 1578 praecepi.
1123 1493 1182 1556 At-

132 1605 158 1646 15
173 1605 235 1669 que
259 1585 344 1649 exim
366 1583 418 1648 usi
440 1584 557 1647 itinere
575 1583 712 1648 rectiore
735 1583 865 1648 tandem
884 1583 1085 1649 restituimur
1103 1582 1184 1665 viae,

172 1694 255 1758 quae
277 1694 338 1738 nos
362 1672 402 1736 ad
424 1671 611 1736 Prasiacam
635 1675 706 1736 tuto
731 1671 909 1736 deduceret.

263 1759 320 1826 22.
358 1761 462 1845 Igitur
485 1782 558 1824 cum
582 1760 736 1843 oppidum
760 1761 922 1845 quoddam
946 1762 1081 1844 opulens
1106 1781 1181 1825 sane
1204 1768 1248 1818 35.
1307 1791 1311 1843 ,

172 1852 205 1913 et
233 1849 401 1913 abundans
431 1849 580 1912 omnibus
608 1848 777 1913 refectioni
805 1848 965 1913 humanae
992 1848 1182 1914 necessariis

173 1935 425 2019 advenissemus,
447 1937 639 2021 recipiendis
662 1936 786 2002 viribus
809 1937 930 2002 ibidem
955 1937 1022 2001 dies
1042 1937 1183 2020 quinque

131 2047 158 2087 ao
172 2025 400 2111 transegimus.
449 2024 624 2090 Enimvero
653 2048 725 2090 cum
753 2029 845 2091 sexta
872 2025 936 2090 iam
964 2025 1081 2089 reditui
1109 2047 1183 2090 con-

172 2114 368 2198 suleremus,
399 2112 477 2178 talis
507 2113 602 2178 nobis
635 2114 774 2178 obicitur
804 2114 984 2179 admiratio.
1036 2114 1182 2178 Primum

172 2203 301 2287 quidem
320 2203 412 2267 venti
431 2202 565 2287 spiritus
580 2202 753 2267 vehemens
774 2206 807 2266 et
825 2202 968 2287 procella
987 2202 1065 2267 adeo
1086 2223 1184 2286 supra

172 2294 359 2356 consuetam
384 2290 643 2377 magnitudinem
666 2312 767 2375 rapax
790 2295 862 2356 orta
885 2294 942 2371 est,
966 2293 1003 2355 ut
1025 2312 1092 2356 non
1113 2295 1183 2354 ten-

172 2379 258 2444 toria
286 2380 382 2445 modo
406 2380 486 2444 satis
509 2379 646 2444 firmiter
669 2379 734 2444 fixa
756 2381 963 2464 convelleret,
991 2401 1102 2444 verum
1125 2379 1183 2443 ho·

132 2489 158 2530 aa
172 2469 277 2533 mines
301 2489 427 2553 quoque
451 2471 576 2533 stantes
599 2468 847 2553 gradientesque
869 2471 1095 2552 prosterneret,
1118 2467 1183 2531 nisi

171 2558 256 2640 quod
285 2561 499 2642 properanter
530 2557 664 2621 sarcinis
695 2557 817 2621 strictis
848 2558 888 2621 ad
919 2558 1042 2621 tutiora
1072 2554 1183 2638 oppidi

171 2666 408 2709 concursamus.
450 2644 625 2710 Enimvero
647 2645 724 2708 dum
744 2645 808 2709 ista
829 2646 994 2727 molimur,
1017 2645 1101 2709 coire
1125 2665 1182 2707 nu-

170 2733 228 2797 bes
248 2740 281 2796 et
299 2734 457 2798 densitate
475 2733 594 2797 nimiae
613 2733 838 2797 crassitudinis
857 2735 935 2797 solis
959 2734 1069 2798 lumen
1089 2752 1183 2798 omne

173 2841 304 2904 coepere
328 2822 497 2886 subtexere
520 2817 791 2906 indiscretamque
815 2822 911 2885 nobis
932 2826 1061 2887 noctem
1085 2821 1183 2884 diem-

261 3046 405 3117 lhaeque
424 3048 457 3102 P.
490 3064 545 3116 quo
564 3047 599 3102 A.
609 3048 642 3102 P.
661 3055 735 3115 qua?
787 3049 896 3102 tTum
916 3048 947 3102 P.
980 3047 1090 3102 hisdem
1107 3046 1183 3101 A.P.

170 3119 321 3174 existentes
347 3119 383 3174 A.
452 3124 468 3171 3
494 3117 538 3171 Ad
562 3119 616 3173 hoc
641 3119 674 3172 P.
708 3119 800 3172 adhuc
824 3119 859 3173 A.
933 3124 948 3173 5
975 3119 1121 3173 columbae
1147 3116 1183 3170 A.

171 3195 187 3244 8
206 3189 419 3244 rinochoraches
429 3190 464 3246 A.
484 3189 654 3244 rinocerotes
663 3190 697 3243 P.
734 3197 750 3244 9
768 3190 823 3245 hae
839 3191 872 3244 P.
912 3195 944 3243 10
964 3188 1135 3244 advolabant
1147 3189 1183 3241 A.

171 3265 204 3314 12
219 3260 303 3315 hisP.
324 3259 461 3315 salutares
474 3260 568 3315 itineri
577 3260 650 3315 Mai.
677 3261 806 3315 salutaris
821 3259 930 3316 itineris
938 3260 1012 3315 A.P.
1051 3265 1083 3313 13
1102 3258 1184 3312 nobis

170 3347 219 3387 om.
236 3332 268 3385 P.
288 3331 495 3399 pollicebantur
510 3332 544 3387 P.
592 3337 625 3385 14
643 3332 752 3386 insdem
771 3332 851 3400 aquis
871 3335 949 3400 (corr.
970 3348 1003 3386 car
1022 3329 1130 3400 aequis)
1146 3329 1182 3383 A.

169 3400 293 3468 iussique
311 3401 406 3456 necari
426 3402 458 3457 P.

259 3471 307 3524 22.
330 3477 363 3524 21
383 3472 495 3526 miratio
514 3473 548 3528 P.
604 3477 638 3527 22
658 3473 771 3540 quidem
788 3473 824 3528 A.
854 3471 958 3542 quippe
979 3473 1013 3526 P.
1069 3477 1103 3526 23
1123 3471 1185 3526 orta

172 3539 247 3592 Mod.
275 3540 374 3594 hortus
394 3543 429 3595 A.
459 3544 535 3596 ortus
555 3544 587 3598 P.
661 3550 695 3600 28
714 3542 744 3596 in
762 3543 886 3599 densitat
920 3544 956 3598 A.
