<?xml version="1.0" encoding="UTF-8"?>
<!DOCTYPE html PUBLIC "-//W3C//DTD XHTML 1.0 Transitional//EN"
    "http://www.w3.org/TR/xhtml1/DTD/xhtml1-transitional.dtd">
<html xmlns="http://www.w3.org/1999/xhtml" xml:lang="en" lang="en">
 <head>
  <title>
</title>
<meta http-equiv="Content-Type" content="text/html;charset=utf-8" />
  <meta name='ocr-system' content='tesseract 3.04.00' />
  <meta name='ocr-capabilities' content='ocr_page ocr_carea ocr_par ocr_line ocrx_word'/>
</head>
<body>
  <div class='ocr_page' id='page_1' title='image "./iulivalerialexa00kbgoog_0025.png"; bbox 0 0 2654 3926; ppageno 0'>
   <div class='ocr_carea' id='block_1_1' title="bbox 192 205 804 263">
    <p class='ocr_par' dir='ltr' id='par_1_1' title="bbox 192 205 804 263">
     <span class='ocr_line' id='line_1_1' title="bbox 192 205 804 263; baseline 0.005 -3"><span class='ocrx_word' id='word_1_1' title='bbox 192 205 243 260; x_wconf 84' lang='lat' dir='ltr'>XX</span> <span class='ocrx_word' id='word_1_2' title='bbox 590 206 804 263; x_wconf 78' lang='lat' dir='ltr'>PRAEFATIO.</span> 
     </span>
    </p>
   </div>
   <div class='ocr_carea' id='block_1_2' title="bbox 191 365 1203 962">
    <p class='ocr_par' dir='ltr' id='par_1_2' title="bbox 191 365 1203 962">
     <span class='ocr_line' id='line_1_2' title="bbox 191 365 1202 434; baseline 0.002 -2"><span class='ocrx_word' id='word_1_3' title='bbox 191 369 247 434; x_wconf 87' lang='lat' dir='ltr'>fol.</span> <span class='ocrx_word' id='word_1_4' title='bbox 270 365 367 433; x_wconf 70' lang='lat' dir='ltr'>Xan.</span> <span class='ocrx_word' id='word_1_5' title='bbox 404 367 456 432; x_wconf 86' lang='lat' dir='ltr'>vel</span> <span class='ocrx_word' id='word_1_6' title='bbox 479 367 580 433; x_wconf 87' lang='lat' dir='ltr'>chora</span> <span class='ocrx_word' id='word_1_7' title='bbox 947 372 990 434; x_wconf 89' lang='lat' dir='ltr'>tri</span> <span class='ocrx_word' id='word_1_8' title='bbox 1014 371 1117 434; x_wconf 90' lang='lat' dir='ltr'>solum</span> <span class='ocrx_word' id='word_1_9' title='bbox 1142 391 1202 434; x_wconf 91' lang='lat' dir='ltr'>son</span> 
     </span>
     <span class='ocr_line' id='line_1_3' title="bbox 405 455 1202 541; baseline 0 -20"><span class='ocrx_word' id='word_1_10' title='bbox 405 455 494 521; x_wconf 87' lang='lat' dir='ltr'>tibus</span> <span class='ocrx_word' id='word_1_11' title='bbox 517 456 582 520; x_wconf 91' lang='lat' dir='ltr'>iam</span> <span class='ocrx_word' id='word_1_12' title='bbox 606 457 708 523; x_wconf 88' lang='lat' dir='ltr'>libera</span> <span class='ocrx_word' id='word_1_13' title='bbox 901 462 955 522; x_wconf 82' lang='lat' dir='ltr'>tur</span> <span class='ocrx_word' id='word_1_14' title='bbox 977 457 1128 522; x_wconf 87' lang='lat' dir='ltr'>blandius</span> <span class='ocrx_word' id='word_1_15' title='bbox 1152 459 1202 541; x_wconf 89' lang='lat' dir='ltr'>spi</span> 
     </span>
     <span class='ocr_line' id='line_1_4' title="bbox 405 544 1202 611; baseline 0.001 -3"><span class='ocrx_word' id='word_1_16' title='bbox 405 544 553 609; x_wconf 89' lang='lat' dir='ltr'>rantibus</span> <span class='ocrx_word' id='word_1_17' title='bbox 577 567 617 609; x_wconf 90' lang='lat' dir='ltr'>ne</span> <span class='ocrx_word' id='word_1_18' title='bbox 842 568 895 610; x_wconf 93' lang='lat' dir='ltr'>um</span> <span class='ocrx_word' id='word_1_19' title='bbox 920 567 976 610; x_wconf 87' lang='lat' dir='ltr'>seu</span> <span class='ocrx_word' id='word_1_20' title='bbox 1000 547 1049 611; x_wconf 84' lang='lat' dir='ltr'>vis</span> <span class='ocrx_word' id='word_1_21' title='bbox 1073 546 1140 611; x_wconf 87' lang='lat' dir='ltr'>ulla</span> <span class='ocrx_word' id='word_1_22' title='bbox 1163 547 1202 609; x_wconf 91' lang='lat' dir='ltr'>de</span> 
     </span>
     <span class='ocr_line' id='line_1_5' title="bbox 405 633 1202 699; baseline 0.001 -3"><span class='ocrx_word' id='word_1_23' title='bbox 405 653 537 697; x_wconf 88' lang='lat' dir='ltr'>monum</span> <span class='ocrx_word' id='word_1_24' title='bbox 561 634 645 697; x_wconf 84' lang='lat' dir='ltr'>exim</span> <span class='ocrx_word' id='word_1_25' title='bbox 901 656 974 699; x_wconf 91' lang='lat' dir='ltr'>roso</span> <span class='ocrx_word' id='word_1_26' title='bbox 998 633 1128 698; x_wconf 89' lang='lat' dir='ltr'>numine</span> <span class='ocrx_word' id='word_1_27' title='bbox 1152 636 1202 698; x_wconf 88' lang='lat' dir='ltr'>est</span> 
     </span>
     <span class='ocr_line' id='line_1_6' title="bbox 405 722 1202 805; baseline -0.001 -19"><span class='ocrx_word' id='word_1_28' title='bbox 405 742 543 805; x_wconf 88' lang='lat' dir='ltr'>namque</span> <span class='ocrx_word' id='word_1_29' title='bbox 954 722 1098 788; x_wconf 85' lang='lat' dir='ltr'>lantibus</span> <span class='ocrx_word' id='word_1_30' title='bbox 1122 722 1202 786; x_wconf 90' lang='lat' dir='ltr'>tellu</span> 
     </span>
     <span class='ocr_line' id='line_1_7' title="bbox 406 809 1203 894; baseline 0.003 -22"><span class='ocrx_word' id='word_1_31' title='bbox 406 811 451 872; x_wconf 91' lang='lat' dir='ltr'>ris</span> <span class='ocrx_word' id='word_1_32' title='bbox 474 809 571 873; x_wconf 88' lang='lat' dir='ltr'>huius</span> <span class='ocrx_word' id='word_1_33' title='bbox 925 832 995 875; x_wconf 90' lang='lat' dir='ltr'>cere</span> <span class='ocrx_word' id='word_1_34' title='bbox 1018 811 1203 894; x_wconf 87' lang='lat' dir='ltr'>famemque</span> 
     </span>
     <span class='ocr_line' id='line_1_8' title="bbox 406 902 1202 962; baseline 0.003 -2"><span class='ocrx_word' id='word_1_35' title='bbox 406 917 500 961; x_wconf 90' lang='lat' dir='ltr'>nosse</span> <span class='ocrx_word' id='word_1_36' title='bbox 1003 903 1056 962; x_wconf 89' lang='lat' dir='ltr'>etu</span> <span class='ocrx_word' id='word_1_37' title='bbox 1080 902 1202 962; x_wconf 87' lang='lat' dir='ltr'>tractus</span> 
     </span>
    </p>
   </div>
   <div class='ocr_carea' id='block_1_3' title="bbox 407 985 1205 1111">
    <p class='ocr_par' dir='ltr' id='par_1_3' title="bbox 407 985 1205 1111">
     <span class='ocr_line' id='line_1_9' title="bbox 407 985 1205 1050; baseline 0.003 -2"><span class='ocrx_word' id='word_1_38' title='bbox 407 985 502 1048; x_wconf 89' lang='lat' dir='ltr'>lunar</span> <span class='ocrx_word' id='word_1_39' title='bbox 949 986 1036 1049; x_wconf 90' lang='lat' dir='ltr'>enim</span> <span class='ocrx_word' id='word_1_40' title='bbox 1059 986 1205 1050; x_wconf 86' lang='lat' dir='ltr'>faoessen</span> 
     </span>
     <span class='ocr_line' id='line_1_10' title="bbox 1003 1076 1013 1111; baseline 0 0"><span class='ocrx_word' id='word_1_41' title='bbox 1003 1076 1013 1111; x_wconf 71' lang='grc' dir='ltr'><strong><em>Ρ</em></strong></span> 
     </span>
    </p>
   </div>
   <div class='ocr_carea' id='block_1_4' title="bbox 406 1123 1207 2263">
    <p class='ocr_par' dir='ltr' id='par_1_4' title="bbox 406 1123 1205 1979">
     <span class='ocr_line' id='line_1_11' title="bbox 406 1123 1204 1212; baseline 0.005 -25"><span class='ocrx_word' id='word_1_42' title='bbox 406 1125 487 1188; x_wconf 87' lang='lat' dir='ltr'>tista</span> <span class='ocrx_word' id='word_1_43' title='bbox 554 1123 623 1188; x_wconf 87' lang='lat' dir='ltr'>chis</span> <span class='ocrx_word' id='word_1_44' title='bbox 647 1124 791 1188; x_wconf 88' lang='lat' dir='ltr'>omnium</span> <span class='ocrx_word' id='word_1_45' title='bbox 929 1147 1085 1212; x_wconf 89' lang='lat' dir='ltr'>porroges</span> <span class='ocrx_word' id='word_1_46' title='bbox 1108 1127 1204 1191; x_wconf 88' lang='lat' dir='ltr'>multi</span> 
     </span>
     <span class='ocr_line' id='line_1_12' title="bbox 407 1213 1202 1296; baseline 0.001 -19"><span class='ocrx_word' id='word_1_47' title='bbox 407 1233 561 1296; x_wconf 82' lang='lat' dir='ltr'><strong>genarum</strong></span> <span class='ocrx_word' id='word_1_48' title='bbox 577 1213 722 1296; x_wconf 88' lang='lat' dir='ltr'>gentium</span> <span class='ocrx_word' id='word_1_49' title='bbox 737 1213 823 1277; x_wconf 91' lang='lat' dir='ltr'>hono</span> <span class='ocrx_word' id='word_1_50' title='bbox 885 1213 992 1278; x_wconf 85' lang='lat' dir='ltr'>divum</span> <span class='ocrx_word' id='word_1_51' title='bbox 1009 1237 1135 1279; x_wconf 88' lang='lat' dir='ltr'>summo</span> <span class='ocrx_word' id='word_1_52' title='bbox 1151 1216 1202 1280; x_wconf 92' lang='lat' dir='ltr'>cul</span> 
     </span>
     <span class='ocr_line' id='line_1_13' title="bbox 408 1299 1204 1368; baseline 0.004 -4"><span class='ocrx_word' id='word_1_53' title='bbox 408 1306 444 1364; x_wconf 91' lang='lat' dir='ltr'>tu</span> <span class='ocrx_word' id='word_1_54' title='bbox 466 1299 651 1363; x_wconf 84' lang='lat' dir='ltr'>exambient</span> <span class='ocrx_word' id='word_1_55' title='bbox 674 1301 771 1365; x_wconf 85' lang='lat' dir='ltr'>astris</span> <span class='ocrx_word' id='word_1_56' title='bbox 795 1323 829 1365; x_wconf 91' lang='lat' dir='ltr'>re</span> <span class='ocrx_word' id='word_1_57' title='bbox 993 1309 1063 1367; x_wconf 92' lang='lat' dir='ltr'>tum</span> <span class='ocrx_word' id='word_1_58' title='bbox 1087 1304 1204 1368; x_wconf 87' lang='lat' dir='ltr'>caelitu</span> 
     </span>
     <span class='ocr_line' id='line_1_14' title="bbox 408 1391 1203 1474; baseline 0.004 -23"><span class='ocrx_word' id='word_1_59' title='bbox 408 1408 489 1471; x_wconf 87' lang='lat' dir='ltr'>quae</span> <span class='ocrx_word' id='word_1_60' title='bbox 513 1408 706 1473; x_wconf 80' lang='lat' dir='ltr'>congregem</span> <span class='ocrx_word' id='word_1_61' title='bbox 730 1411 866 1473; x_wconf 91' lang='lat' dir='ltr'>quorum</span> <span class='ocrx_word' id='word_1_62' title='bbox 976 1396 1092 1474; x_wconf 89' lang='lat' dir='ltr'>quente</span> <span class='ocrx_word' id='word_1_63' title='bbox 1116 1391 1203 1456; x_wconf 88' lang='lat' dir='ltr'>cultu</span> 
     </span>
     <span class='ocr_line' id='line_1_15' title="bbox 409 1475 1204 1562; baseline -0.001 -22"><span class='ocrx_word' id='word_1_64' title='bbox 409 1475 453 1540; x_wconf 86' lang='lat' dir='ltr'>sis</span> <span class='ocrx_word' id='word_1_65' title='bbox 478 1475 605 1540; x_wconf 79' lang='lat' dir='ltr'>beatior</span> <span class='ocrx_word' id='word_1_66' title='bbox 627 1480 701 1542; x_wconf 84' lang='lat' dir='ltr'>tuos</span> <span class='ocrx_word' id='word_1_67' title='bbox 726 1500 787 1561; x_wconf 88' lang='lat' dir='ltr'>que</span> <span class='ocrx_word' id='word_1_68' title='bbox 810 1499 849 1562; x_wconf 90' lang='lat' dir='ltr'>pr</span> <span class='ocrx_word' id='word_1_69' title='bbox 991 1485 1039 1542; x_wconf 89' lang='lat' dir='ltr'>tes</span> <span class='ocrx_word' id='word_1_70' title='bbox 1063 1476 1204 1542; x_wconf 84' lang='lat' dir='ltr'>Numine</span> 
     </span>
     <span class='ocr_line' id='line_1_16' title="bbox 409 1563 1203 1650; baseline -0.001 -21"><span class='ocrx_word' id='word_1_71' title='bbox 409 1563 640 1647; x_wconf 89' lang='lat' dir='ltr'>augustissimo</span> <span class='ocrx_word' id='word_1_72' title='bbox 664 1564 744 1630; x_wconf 88' lang='lat' dir='ltr'>haec</span> <span class='ocrx_word' id='word_1_73' title='bbox 857 1588 900 1650; x_wconf 92' lang='lat' dir='ltr'>qu</span> <span class='ocrx_word' id='word_1_74' title='bbox 992 1567 1083 1630; x_wconf 88' lang='lat' dir='ltr'>sedes</span> <span class='ocrx_word' id='word_1_75' title='bbox 1107 1587 1203 1648; x_wconf 90' lang='lat' dir='ltr'>corpo</span> 
     </span>
     <span class='ocr_line' id='line_1_17' title="bbox 407 1651 1205 1738; baseline 0.001 -24"><span class='ocrx_word' id='word_1_76' title='bbox 407 1651 452 1715; x_wconf 91' lang='lat' dir='ltr'>ris</span> <span class='ocrx_word' id='word_1_77' title='bbox 476 1654 526 1714; x_wconf 83' lang='lat' dir='ltr'>est</span> <span class='ocrx_word' id='word_1_78' title='bbox 548 1652 673 1716; x_wconf 90' lang='lat' dir='ltr'>caelum</span> <span class='ocrx_word' id='word_1_79' title='bbox 696 1655 753 1716; x_wconf 90' lang='lat' dir='ltr'>tuo</span> <span class='ocrx_word' id='word_1_80' title='bbox 777 1676 821 1717; x_wconf 90' lang='lat' dir='ltr'>nu</span> <span class='ocrx_word' id='word_1_81' title='bbox 1007 1653 1078 1738; x_wconf 92' lang='lat' dir='ltr'>quis</span> <span class='ocrx_word' id='word_1_82' title='bbox 1103 1653 1205 1718; x_wconf 88' lang='lat' dir='ltr'>simen</span> 
     </span>
     <span class='ocr_line' id='line_1_18' title="bbox 408 1738 1204 1826; baseline 0.003 -24"><span class='ocrx_word' id='word_1_83' title='bbox 408 1743 441 1802; x_wconf 84' lang='lat' dir='ltr'>te</span> <span class='ocrx_word' id='word_1_84' title='bbox 464 1738 574 1826; x_wconf 86' lang='lat' dir='ltr'>bibula</span> <span class='ocrx_word' id='word_1_85' title='bbox 596 1739 725 1823; x_wconf 78' lang='lat' dir='ltr'>percipe</span> <span class='ocrx_word' id='word_1_86' title='bbox 748 1762 824 1804; x_wconf 91' lang='lat' dir='ltr'>nom</span> <span class='ocrx_word' id='word_1_87' title='bbox 981 1746 1130 1806; x_wconf 87' lang='lat' dir='ltr'>nostrum</span> <span class='ocrx_word' id='word_1_88' title='bbox 1152 1741 1204 1805; x_wconf 89' lang='lat' dir='ltr'>his</span> 
     </span>
     <span class='ocr_line' id='line_1_19' title="bbox 409 1826 1205 1910; baseline 0.004 -21"><span class='ocrx_word' id='word_1_89' title='bbox 409 1847 445 1890; x_wconf 93' lang='lat' dir='ltr'>ce</span> <span class='ocrx_word' id='word_1_90' title='bbox 467 1827 610 1890; x_wconf 89' lang='lat' dir='ltr'>numeris</span> <span class='ocrx_word' id='word_1_91' title='bbox 634 1826 752 1910; x_wconf 77' lang='lat' dir='ltr'>collige</span> <span class='ocrx_word' id='word_1_92' title='bbox 908 1851 927 1892; x_wconf 89' lang='lat' dir='ltr'>a</span> <span class='ocrx_word' id='word_1_93' title='bbox 950 1831 1090 1910; x_wconf 92' lang='lat' dir='ltr'>primum</span> <span class='ocrx_word' id='word_1_94' title='bbox 1114 1831 1164 1894; x_wconf 89' lang='lat' dir='ltr'>bis</span> <span class='ocrx_word' id='word_1_95' title='bbox 1188 1851 1205 1892; x_wconf 89' lang='lat' dir='ltr'>c</span> 
     </span>
     <span class='ocr_line' id='line_1_20' title="bbox 409 1913 1030 1979; baseline 0 -2"><span class='ocrx_word' id='word_1_96' title='bbox 409 1916 519 1978; x_wconf 78' lang='lat' dir='ltr'>lenate</span> <span class='ocrx_word' id='word_1_97' title='bbox 543 1913 652 1978; x_wconf 88' lang='lat' dir='ltr'>littera</span> <span class='ocrx_word' id='word_1_98' title='bbox 676 1935 775 1978; x_wconf 90' lang='lat' dir='ltr'>uuum</span> <span class='ocrx_word' id='word_1_99' title='bbox 952 1937 1030 1979; x_wconf 90' lang='lat' dir='ltr'>num</span> 
     </span>
    </p>

    <p class='ocr_par' dir='ltr' id='par_1_5' title="bbox 408 2000 1207 2263">
     <span class='ocr_line' id='line_1_21' title="bbox 408 2000 1206 2085; baseline 0.004 -21"><span class='ocrx_word' id='word_1_100' title='bbox 408 2000 453 2064; x_wconf 87' lang='lat' dir='ltr'>Et</span> <span class='ocrx_word' id='word_1_101' title='bbox 476 2005 604 2066; x_wconf 87' lang='lat' dir='ltr'>centum</span> <span class='ocrx_word' id='word_1_102' title='bbox 628 2001 743 2066; x_wconf 87' lang='lat' dir='ltr'>dehinc</span> <span class='ocrx_word' id='word_1_103' title='bbox 766 2024 929 2085; x_wconf 90' lang='lat' dir='ltr'>unumque</span> <span class='ocrx_word' id='word_1_104' title='bbox 1128 2005 1206 2067; x_wconf 88' lang='lat' dir='ltr'>tunc</span> 
     </span>
     <span class='ocr_line' id='line_1_22' title="bbox 432 2089 1205 2174; baseline 0.003 -22"><span class='ocrx_word' id='word_1_105' title='bbox 432 2092 524 2153; x_wconf 90' lang='lat' dir='ltr'>uater</span> <span class='ocrx_word' id='word_1_106' title='bbox 579 2090 695 2174; x_wconf 88' lang='lat' dir='ltr'>viginti</span> <span class='ocrx_word' id='word_1_107' title='bbox 751 2090 817 2154; x_wconf 87' lang='lat' dir='ltr'>sint</span> <span class='ocrx_word' id='word_1_108' title='bbox 869 2089 1040 2174; x_wconf 87' lang='lat' dir='ltr'>decemque</span> <span class='ocrx_word' id='word_1_109' title='bbox 1090 2090 1205 2154; x_wconf 84' lang='lat' dir='ltr'>iuxtim</span> 
     </span>
     <span class='ocr_line' id='line_1_23' title="bbox 410 2110 1207 2263; baseline 0.001 -22"><span class='ocrx_word' id='word_1_110' title='bbox 410 2110 553 2263; x_wconf 55' lang='lat' dir='ltr'>tgssffl)</span> <span class='ocrx_word' id='word_1_111' title='bbox 578 2199 615 2242; x_wconf 93' lang='lat' dir='ltr'>ea</span> <span class='ocrx_word' id='word_1_112' title='bbox 634 2199 715 2261; x_wconf 86' lang='lat' dir='ltr'>quae</span> <span class='ocrx_word' id='word_1_113' title='bbox 734 2179 777 2242; x_wconf 91' lang='lat' dir='ltr'>sit</span> <span class='ocrx_word' id='word_1_114' title='bbox 795 2178 973 2242; x_wconf 86' lang='lat' dir='ltr'>novissima</span> <span class='ocrx_word' id='word_1_115' title='bbox 993 2199 1074 2260; x_wconf 85' lang='lat' dir='ltr'>quae</span> <span class='ocrx_word' id='word_1_116' title='bbox 1092 2178 1207 2261; x_wconf 91' lang='lat' dir='ltr'>prima.</span> 
     </span>
    </p>
   </div>
   <div class='ocr_carea' id='block_1_5' title="bbox 289 2385 1209 2473">
    <p class='ocr_par' dir='ltr' id='par_1_6' title="bbox 289 2385 1209 2473">
     <span class='ocr_line' id='line_1_24' title="bbox 289 2385 1209 2473; baseline 0.002 -22"><span class='ocrx_word' id='word_1_117' title='bbox 289 2385 350 2452; x_wconf 88' lang='lat' dir='ltr'>Vel</span> <span class='ocrx_word' id='word_1_118' title='bbox 373 2408 411 2452; x_wconf 84' lang='lat' dir='ltr'>cx</span> <span class='ocrx_word' id='word_1_119' title='bbox 429 2387 491 2452; x_wconf 89' lang='lat' dir='ltr'>hoo</span> <span class='ocrx_word' id='word_1_120' title='bbox 511 2387 686 2471; x_wconf 86' lang='lat' dir='ltr'>specimine</span> <span class='ocrx_word' id='word_1_121' title='bbox 705 2409 900 2473; x_wconf 83' lang='lat' dir='ltr'>cognoscere</span> <span class='ocrx_word' id='word_1_122' title='bbox 920 2388 996 2454; x_wconf 87' lang='lat' dir='ltr'>licet</span> <span class='ocrx_word' id='word_1_123' title='bbox 1014 2389 1132 2454; x_wconf 88' lang='lat' dir='ltr'>librum</span> <span class='ocrx_word' id='word_1_124' title='bbox 1153 2412 1209 2453; x_wconf 89' lang='lat' dir='ltr'>ne-</span> 
     </span>
    </p>
   </div>
   <div class='ocr_carea' id='block_1_6' title="bbox 198 2474 1317 2650">
    <p class='ocr_par' dir='ltr' id='par_1_7' title="bbox 198 2474 1317 2650">
     <span class='ocr_line' id='line_1_25' title="bbox 199 2474 1317 2562; baseline -0.003 -23"><span class='ocrx_word' id='word_1_125' title='bbox 199 2477 369 2562; x_wconf 87' lang='lat' dir='ltr'>glegenter</span> <span class='ocrx_word' id='word_1_126' title='bbox 393 2477 550 2560; x_wconf 88' lang='lat' dir='ltr'>scriptum</span> <span class='ocrx_word' id='word_1_127' title='bbox 574 2476 749 2561; x_wconf 86' lang='lat' dir='ltr'>multisque</span> <span class='ocrx_word' id='word_1_128' title='bbox 772 2474 897 2541; x_wconf 88' lang='lat' dir='ltr'>mendis</span> <span class='ocrx_word' id='word_1_129' title='bbox 916 2478 1016 2542; x_wconf 83' lang='lat' dir='ltr'>verba</span> <span class='ocrx_word' id='word_1_130' title='bbox 1040 2479 1208 2561; x_wconf 89' lang='lat' dir='ltr'>scriptoris</span> <span class='ocrx_word' id='word_1_131' title='bbox 1316 2531 1317 2536; x_wconf 73' lang='grc'>,</span> 
     </span>
     <span class='ocr_line' id='line_1_26' title="bbox 198 2563 1317 2650; baseline -0.001 -21"><span class='ocrx_word' id='word_1_132' title='bbox 198 2587 218 2629; x_wconf 93' lang='lat' dir='ltr'>a</span> <span class='ocrx_word' id='word_1_133' title='bbox 241 2565 373 2630; x_wconf 90' lang='lat' dir='ltr'>librario</span> <span class='ocrx_word' id='word_1_134' title='bbox 392 2564 522 2629; x_wconf 84' lang='lat' dir='ltr'>foedata</span> <span class='ocrx_word' id='word_1_135' title='bbox 547 2586 626 2631; x_wconf 88' lang='lat' dir='ltr'>esse.</span> <span class='ocrx_word' id='word_1_136' title='bbox 667 2563 763 2629; x_wconf 84' lang='lat' dir='ltr'>Modo</span> <span class='ocrx_word' id='word_1_137' title='bbox 784 2566 933 2650; x_wconf 81' lang='lat' dir='ltr'>singulae</span> <span class='ocrx_word' id='word_1_138' title='bbox 950 2567 1089 2648; x_wconf 75' lang='lat' dir='ltr'>litterae,</span> <span class='ocrx_word' id='word_1_139' title='bbox 1112 2565 1207 2630; x_wconf 94' lang='lat' dir='ltr'>modo</span> <span class='ocrx_word' id='word_1_140' title='bbox 1316 2563 1317 2600; x_wconf 73' lang='lat'>³</span> 
     </span>
    </p>
   </div>
   <div class='ocr_carea' id='block_1_7' title="bbox 198 2653 1208 2823">
    <p class='ocr_par' dir='ltr' id='par_1_8' title="bbox 198 2653 1208 2823">
     <span class='ocr_line' id='line_1_27' title="bbox 198 2653 1207 2738; baseline -0.003 -20"><span class='ocrx_word' id='word_1_141' title='bbox 198 2656 269 2718; x_wconf 88' lang='lat' dir='ltr'>tota</span> <span class='ocrx_word' id='word_1_142' title='bbox 290 2654 389 2717; x_wconf 89' lang='lat' dir='ltr'>verba</span> <span class='ocrx_word' id='word_1_143' title='bbox 413 2655 533 2718; x_wconf 86' lang='lat' dir='ltr'>omissa</span> <span class='ocrx_word' id='word_1_144' title='bbox 562 2656 638 2718; x_wconf 87' lang='lat' dir='ltr'>sunt</span> <span class='ocrx_word' id='word_1_145' title='bbox 666 2653 803 2738; x_wconf 88' lang='lat' dir='ltr'>aliisque</span> <span class='ocrx_word' id='word_1_146' title='bbox 832 2653 994 2717; x_wconf 90' lang='lat' dir='ltr'>erroribus</span> <span class='ocrx_word' id='word_1_147' title='bbox 1022 2657 1129 2716; x_wconf 85' lang='lat' dir='ltr'>textus</span> <span class='ocrx_word' id='word_1_148' title='bbox 1155 2653 1207 2715; x_wconf 91' lang='lat' dir='ltr'>de-</span> 
     </span>
     <span class='ocr_line' id='line_1_28' title="bbox 199 2739 1208 2823; baseline -0.001 -21"><span class='ocrx_word' id='word_1_149' title='bbox 199 2743 352 2823; x_wconf 89' lang='lat' dir='ltr'>pravatus</span> <span class='ocrx_word' id='word_1_150' title='bbox 386 2743 445 2804; x_wconf 88' lang='lat' dir='ltr'>est.</span> <span class='ocrx_word' id='word_1_151' title='bbox 500 2739 561 2805; x_wconf 88' lang='lat' dir='ltr'>Sed</span> <span class='ocrx_word' id='word_1_152' title='bbox 593 2741 774 2823; x_wconf 89' lang='lat' dir='ltr'>ubicunque</span> <span class='ocrx_word' id='word_1_153' title='bbox 809 2740 844 2804; x_wconf 92' lang='lat' dir='ltr'>in</span> <span class='ocrx_word' id='word_1_154' title='bbox 877 2741 985 2805; x_wconf 90' lang='lat' dir='ltr'>codice</span> <span class='ocrx_word' id='word_1_155' title='bbox 1018 2740 1208 2804; x_wconf 85' lang='lat' dir='ltr'>Taurinensi</span> 
     </span>
    </p>
   </div>
   <div class='ocr_carea' id='block_1_8' title="bbox 198 2827 1316 2999">
    <p class='ocr_par' dir='ltr' id='par_1_9' title="bbox 198 2827 1316 2999">
     <span class='ocr_line' id='line_1_29' title="bbox 198 2827 1316 2913; baseline 0.003 -22"><span class='ocrx_word' id='word_1_156' title='bbox 198 2828 280 2891; x_wconf 87' lang='lat' dir='ltr'>vitia</span> <span class='ocrx_word' id='word_1_157' title='bbox 302 2827 521 2911; x_wconf 85' lang='lat' dir='ltr'>reperiuntur,</span> <span class='ocrx_word' id='word_1_158' title='bbox 545 2849 583 2891; x_wconf 88' lang='lat' dir='ltr'>ea</span> <span class='ocrx_word' id='word_1_159' title='bbox 606 2850 732 2913; x_wconf 86' lang='lat' dir='ltr'>semper</span> <span class='ocrx_word' id='word_1_160' title='bbox 754 2829 964 2912; x_wconf 84' lang='lat' dir='ltr'>neglegentia</span> <span class='ocrx_word' id='word_1_161' title='bbox 986 2827 1113 2891; x_wconf 88' lang='lat' dir='ltr'>librarii</span> <span class='ocrx_word' id='word_1_162' title='bbox 1137 2833 1207 2892; x_wconf 86' lang='lat' dir='ltr'>orta</span> <span class='ocrx_word' id='word_1_163' title='bbox 1315 2881 1316 2894; x_wconf 47' lang='lat'>2</span> 
     </span>
     <span class='ocr_line' id='line_1_30' title="bbox 200 2915 1316 2999; baseline -0.003 -19"><span class='ocrx_word' id='word_1_164' title='bbox 200 2919 292 2998; x_wconf 84' lang='lat' dir='ltr'>sunt,</span> <span class='ocrx_word' id='word_1_165' title='bbox 321 2929 498 2998; x_wconf 79' lang='lat' dir='ltr'>numquam</span> <span class='ocrx_word' id='word_1_166' title='bbox 528 2915 635 2981; x_wconf 88' lang='lat' dir='ltr'>studio</span> <span class='ocrx_word' id='word_1_167' title='bbox 666 2918 749 2999; x_wconf 88' lang='lat' dir='ltr'>eius,</span> <span class='ocrx_word' id='word_1_168' title='bbox 780 2917 834 2999; x_wconf 93' lang='lat' dir='ltr'>qui</span> <span class='ocrx_word' id='word_1_169' title='bbox 865 2937 938 2980; x_wconf 89' lang='lat' dir='ltr'>cum</span> <span class='ocrx_word' id='word_1_170' title='bbox 968 2916 1003 2978; x_wconf 93' lang='lat' dir='ltr'>iu</span> <span class='ocrx_word' id='word_1_171' title='bbox 1034 2915 1208 2999; x_wconf 89' lang='lat' dir='ltr'>archetypo</span> <span class='ocrx_word' id='word_1_172' title='bbox 1315 2923 1316 2942; x_wconf 67' lang='lat'>¹</span> 
     </span>
    </p>
   </div>
   <div class='ocr_carea' id='block_1_9' title="bbox 199 3002 1208 3178">
    <p class='ocr_par' dir='ltr' id='par_1_10' title="bbox 199 3002 1208 3178">
     <span class='ocr_line' id='line_1_31' title="bbox 199 3002 1208 3088; baseline -0.001 -22"><span class='ocrx_word' id='word_1_173' title='bbox 199 3004 319 3068; x_wconf 86' lang='lat' dir='ltr'>falsam</span> <span class='ocrx_word' id='word_1_174' title='bbox 337 3002 509 3067; x_wconf 88' lang='lat' dir='ltr'>lectionem</span> <span class='ocrx_word' id='word_1_175' title='bbox 528 3004 719 3088; x_wconf 87' lang='lat' dir='ltr'>cognovisse</span> <span class='ocrx_word' id='word_1_176' title='bbox 743 3003 807 3068; x_wconf 86' lang='lat' dir='ltr'>sibi</span> <span class='ocrx_word' id='word_1_177' title='bbox 825 3003 913 3068; x_wconf 87' lang='lat' dir='ltr'>visus</span> <span class='ocrx_word' id='word_1_178' title='bbox 937 3007 1033 3084; x_wconf 88' lang='lat' dir='ltr'>esset,</span> <span class='ocrx_word' id='word_1_179' title='bbox 1056 3024 1126 3065; x_wconf 90' lang='lat' dir='ltr'>eam</span> <span class='ocrx_word' id='word_1_180' title='bbox 1150 3023 1208 3066; x_wconf 89' lang='lat' dir='ltr'>suo</span> 
     </span>
     <span class='ocr_line' id='line_1_32' title="bbox 199 3089 1208 3178; baseline -0.003 -23"><span class='ocrx_word' id='word_1_181' title='bbox 199 3091 331 3178; x_wconf 92' lang='lat' dir='ltr'>ingenio</span> <span class='ocrx_word' id='word_1_182' title='bbox 350 3090 452 3155; x_wconf 84' lang='lat' dir='ltr'>fretus</span> <span class='ocrx_word' id='word_1_183' title='bbox 476 3091 644 3155; x_wconf 84' lang='lat' dir='ltr'>emendare</span> <span class='ocrx_word' id='word_1_184' title='bbox 668 3095 850 3156; x_wconf 88' lang='lat' dir='ltr'>conaretur.</span> <span class='ocrx_word' id='word_1_185' title='bbox 891 3090 1027 3155; x_wconf 83' lang='lat' dir='ltr'>Frustra</span> <span class='ocrx_word' id='word_1_186' title='bbox 1049 3089 1150 3174; x_wconf 87' lang='lat' dir='ltr'>igitur</span> <span class='ocrx_word' id='word_1_187' title='bbox 1173 3090 1208 3153; x_wconf 92' lang='lat' dir='ltr'>in</span> 
     </span>
    </p>
   </div>
   <div class='ocr_carea' id='block_1_10' title="bbox 199 3176 1315 3262">
    <p class='ocr_par' dir='ltr' id='par_1_11' title="bbox 199 3176 1315 3262">
     <span class='ocr_line' id='line_1_33' title="bbox 199 3176 1315 3262; baseline -0.002 -20"><span class='ocrx_word' id='word_1_188' title='bbox 199 3179 261 3244; x_wconf 91' lang='lat' dir='ltr'>hoc</span> <span class='ocrx_word' id='word_1_189' title='bbox 293 3178 401 3245; x_wconf 87' lang='lat' dir='ltr'>codice</span> <span class='ocrx_word' id='word_1_190' title='bbox 432 3177 699 3262; x_wconf 74' lang='lat' dir='ltr'>interpolationes</span> <span class='ocrx_word' id='word_1_191' title='bbox 733 3180 939 3262; x_wconf 84' lang='lat' dir='ltr'>quaesiveris.</span> <span class='ocrx_word' id='word_1_192' title='bbox 991 3176 1104 3261; x_wconf 88' lang='lat' dir='ltr'>Neque</span> <span class='ocrx_word' id='word_1_193' title='bbox 1134 3199 1207 3241; x_wconf 88' lang='lat' dir='ltr'>raro</span> <span class='ocrx_word' id='word_1_194' title='bbox 1314 3197 1315 3202; x_wconf 50' lang='lat'>¹</span> 
     </span>
    </p>
   </div>
   <div class='ocr_carea' id='block_1_11' title="bbox 201 3265 1210 3616">
    <p class='ocr_par' dir='ltr' id='par_1_12' title="bbox 201 3265 1210 3616">
     <span class='ocr_line' id='line_1_34' title="bbox 201 3265 1207 3350; baseline -0.002 -20"><span class='ocrx_word' id='word_1_195' title='bbox 201 3267 317 3332; x_wconf 86' lang='lat' dir='ltr'>menda</span> <span class='ocrx_word' id='word_1_196' title='bbox 341 3273 484 3332; x_wconf 89' lang='lat' dir='ltr'>correcta</span> <span class='ocrx_word' id='word_1_197' title='bbox 503 3271 592 3350; x_wconf 81' lang='lat' dir='ltr'>sunt3</span> <span class='ocrx_word' id='word_1_198' title='bbox 618 3268 702 3350; x_wconf 88' lang='lat' dir='ltr'>quod</span> <span class='ocrx_word' id='word_1_199' title='bbox 721 3273 830 3332; x_wconf 88' lang='lat' dir='ltr'>utrum</span> <span class='ocrx_word' id='word_1_200' title='bbox 855 3266 896 3330; x_wconf 90' lang='lat' dir='ltr'>ab</span> <span class='ocrx_word' id='word_1_201' title='bbox 919 3269 990 3350; x_wconf 85' lang='lat' dir='ltr'>ipso</span> <span class='ocrx_word' id='word_1_202' title='bbox 1009 3265 1142 3329; x_wconf 90' lang='lat' dir='ltr'>librario</span> <span class='ocrx_word' id='word_1_203' title='bbox 1167 3287 1207 3328; x_wconf 89' lang='lat' dir='ltr'>an</span> 
     </span>
     <span class='ocr_line' id='line_1_35' title="bbox 201 3354 1206 3440; baseline -0.001 -22"><span class='ocrx_word' id='word_1_204' title='bbox 201 3356 241 3418; x_wconf 83' lang='lat' dir='ltr'>ab</span> <span class='ocrx_word' id='word_1_205' title='bbox 258 3356 321 3418; x_wconf 94' lang='lat' dir='ltr'>alio</span> <span class='ocrx_word' id='word_1_206' title='bbox 336 3356 475 3438; x_wconf 89' lang='lat' dir='ltr'>quodam</span> <span class='ocrx_word' id='word_1_207' title='bbox 488 3356 635 3438; x_wconf 88' lang='lat' dir='ltr'>—paulo</span> <span class='ocrx_word' id='word_1_208' title='bbox 649 3358 823 3440; x_wconf 90' lang='lat' dir='ltr'>postquam</span> <span class='ocrx_word' id='word_1_209' title='bbox 838 3354 920 3418; x_wconf 87' lang='lat' dir='ltr'>liber</span> <span class='ocrx_word' id='word_1_210' title='bbox 937 3357 1087 3418; x_wconf 83' lang='lat' dir='ltr'>exaratus</span> <span class='ocrx_word' id='word_1_211' title='bbox 1105 3357 1156 3419; x_wconf 87' lang='lat' dir='ltr'>cst</span> <span class='ocrx_word' id='word_1_212' title='bbox 1169 3391 1206 3400; x_wconf 90' lang='lat'>-</span> 
     </span>
     <span class='ocr_line' id='line_1_36' title="bbox 201 3441 1210 3528; baseline 0.002 -24"><span class='ocrx_word' id='word_1_213' title='bbox 201 3442 323 3507; x_wconf 85' lang='lat' dir='ltr'>factum</span> <span class='ocrx_word' id='word_1_214' title='bbox 351 3443 407 3523; x_wconf 88' lang='lat' dir='ltr'>sit,</span> <span class='ocrx_word' id='word_1_215' title='bbox 434 3444 589 3528; x_wconf 87' lang='lat' dir='ltr'>indagare</span> <span class='ocrx_word' id='word_1_216' title='bbox 616 3465 683 3507; x_wconf 92' lang='lat' dir='ltr'>non</span> <span class='ocrx_word' id='word_1_217' title='bbox 709 3442 810 3528; x_wconf 89' lang='lat' dir='ltr'>potui.</span> <span class='ocrx_word' id='word_1_218' title='bbox 855 3441 927 3508; x_wconf 91' lang='lat' dir='ltr'>Hoc</span> <span class='ocrx_word' id='word_1_219' title='bbox 955 3446 1096 3525; x_wconf 89' lang='lat' dir='ltr'>constat,</span> <span class='ocrx_word' id='word_1_220' title='bbox 1125 3443 1210 3527; x_wconf 90' lang='lat' dir='ltr'>quis-</span> 
     </span>
     <span class='ocr_line' id='line_1_37' title="bbox 202 3529 1208 3616; baseline 0.003 -22"><span class='ocrx_word' id='word_1_221' title='bbox 202 3531 274 3614; x_wconf 92' lang='lat' dir='ltr'>quis</span> <span class='ocrx_word' id='word_1_222' title='bbox 297 3529 362 3595; x_wconf 86' lang='lat' dir='ltr'>fuit</span> <span class='ocrx_word' id='word_1_223' title='bbox 384 3530 439 3596; x_wconf 91' lang='lat' dir='ltr'>ille</span> <span class='ocrx_word' id='word_1_224' title='bbox 463 3536 637 3616; x_wconf 85' lang='lat' dir='ltr'>corrector,</span> <span class='ocrx_word' id='word_1_225' title='bbox 665 3554 738 3600; x_wconf 87' lang='lat' dir='ltr'>eum</span> <span class='ocrx_word' id='word_1_226' title='bbox 762 3552 829 3596; x_wconf 90' lang='lat' dir='ltr'>nou</span> <span class='ocrx_word' id='word_1_227' title='bbox 853 3552 910 3596; x_wconf 92' lang='lat' dir='ltr'>suo</span> <span class='ocrx_word' id='word_1_228' title='bbox 934 3530 1052 3616; x_wconf 88' lang='lat' dir='ltr'>Marte,</span> <span class='ocrx_word' id='word_1_229' title='bbox 1076 3532 1132 3597; x_wconf 88' lang='lat' dir='ltr'>sed</span> <span class='ocrx_word' id='word_1_230' title='bbox 1157 3555 1208 3597; x_wconf 81' lang='lat' dir='ltr'>ex-</span> 
     </span>
    </p>
   </div>
   <div class='ocr_carea' id='block_1_12' title="bbox 0 0 1341 3926">
    <p class='ocr_par' dir='ltr' id='par_1_13' title="bbox 0 0 1341 3926">
     <span class='ocr_line' id='line_1_38' title="bbox 0 0 1341 3926; baseline 0 0"><span class='ocrx_word' id='word_1_231' title='bbox 0 0 1341 3926; x_wconf 95' lang='lat' dir='ltr'> </span> 
     </span>
    </p>
   </div>
  </div>
 </body>
</html>
