2650 3920
166 231 210 296 94
479 261 488 277 ι
591 231 698 286 LIBER
716 233 750 286 II.

166 395 291 479 cipibus
315 394 510 460 aedacibus
534 394 615 477 suis,
644 416 724 479 quos
752 395 823 460 tali.
837 395 983 459 convicio
1008 394 1179 479 dignanter

167 483 340 568 acceperit,
367 481 495 566 privata
517 483 635 569 pocula
657 483 727 546 fieri
752 483 851 564 sinat,
878 504 1098 566 quaecumque
1128 505 1178 548 ac·

166 571 311 656 ceperint
328 570 517 635 haurienda
559 570 652 647 Quod
676 590 754 654 ergo
778 571 1049 655 magnanimitate
1072 571 1123 636 illi
1145 576 1179 636 te

167 681 294 744 quoque
312 681 425 743 parem
444 658 602 741 ducerem,
624 681 691 724 non
714 661 748 723 in
767 661 997 725 contumeliam
1019 659 1178 724 traxeris?

120 748 239 814 .cHoc
257 747 481 812 blandimento
500 747 784 832 responsionisque
808 749 877 812 eius
897 749 1004 833 gratia
1027 770 1099 812 cum
1122 771 1179 812 rex

166 837 327 922 ceterique
354 836 512 921 permulsi
540 839 661 920 essent,
692 836 939 902 admirationem
969 837 1019 902 sui
1050 837 1179 902 silentio

165 926 379 991 testabantur.

257 1012 317 1080 27.
354 1012 415 1079 Sed
439 1013 472 1077 id
496 1013 661 1078 silentium
680 1013 780 1077 ferme
804 1014 845 1078 ad
863 1013 1044 1099 periculum
1062 1013 1180 1099 vergit.

166 1101 258 1167 Unus
282 1102 400 1186 quippe
424 1124 464 1166 ex
486 1101 747 1183 convivantibus,
775 1102 826 1168 cui
849 1102 1042 1166 vocabulum
1065 1101 1179 1167 Pasar⁴

126 1211 152 1252 ro
166 1211 223 1276 ges
254 1195 337 1273 erat,
367 1190 445 1256 olim
472 1189 616 1274 Philippi
643 1189 787 1274 hospitio
817 1194 964 1274 receptus
997 1194 1031 1255 et
1058 1191 1178 1256 ibidem

165 1279 387 1344 Alexandrum
415 1279 513 1343 etiam
541 1301 677 1363 puerum
705 1280 925 1364 conspicatus,
955 1281 1115 1364 paulatim
1144 1280 1179 1343 in

165 1368 356 1432 memoriam
378 1368 529 1432 relabens
553 1367 689 1433 eundem
712 1368 820 1452 ipsum
844 1390 922 1452 esse,
946 1390 1042 1451 quem
1067 1370 1177 1451 opina·

166 1457 275 1539 batur,
303 1457 413 1521 animo
442 1457 621 1522 confirmat.
668 1455 794 1522 Sensim
818 1457 918 1542 igitur
940 1456 1054 1540 Dario,
1083 1477 1178 1540 quem

160 1545 459 1630 comprehenderit,
495 1544 655 1632 Pasarges
687 1547 876 1610 intimatum
908 1545 1005 1610 venit.
1063 1543 1178 1629 quue

127 1655 152 1696 rs
166 1638 333 1717 permotus
356 1657 414 1699 rex
432 1657 574 1718 praeque
598 1635 821 1718 magnitudine
840 1637 861 1716 †
879 1635 1078 1720 prosultans,
1101 1631 1179 1718 quid

165 1722 247 1786 illud
261 1726 356 1806 esset,
371 1723 457 1806 quod
471 1726 643 1806 tantopere
658 1723 863 1805 excitaretur,
874 1722 959 1789 nulli
974 1744 1069 1809 mage
1080 1743 1177 1806 quam

164 1811 229 1892 ipsi
244 1811 427 1874 Alexandro
441 1811 559 1892 prodit,
578 1808 611 1872 id
631 1811 726 1892 enim,
745 1811 830 1892 quod
851 1815 1012 1896 evenerat,
1029 1814 1095 1876 iam
1113 1811 1179 1895 pri·

166 1898 237 1961 dem
253 1898 361 1962 animo
377 1897 587 1981 suspectanti.
619 1895 754 1980 Unaque
769 1918 842 1961 cum
855 1898 993 1981 poculis,
1008 1920 1089 1982 quae
1105 1899 1179 1963 sinu

166 1989 299 2070 gestans
318 1985 469 2067 habebat,
493 1984 643 2049 conclave
663 1985 823 2068 procurrit
845 1985 954 2068 ibique
973 2007 1033 2069 pro
1053 1987 1178 2051 foribus

125 2095 151 2138 ro
166 2072 299 2137 offendit
317 2095 416 2151 unum
431 2095 448 2137 e
463 2071 569 2136 Persis
589 2093 716 2156 equum,
735 2094 799 2156 quo
818 2072 973 2138 advectus
991 2073 1107 2158 iuerat,
1125 2075 1177 2138 de-

164 2162 332 2228 tinentem.
377 2160 427 2226 Ne
456 2161 534 2246 quid
560 2161 662 2246 igitur
686 2163 863 2244 [videretur]
889 2162 1116 2248 improperiter
1144 2164 1178 2227 in

164 2272 198 2316 re
216 2251 276 2316 tali
294 2250 418 2335 fecisse,
440 2249 607 2317 custodem
626 2250 701 2335 equi
719 2250 828 2336 gladio
847 2249 999 2336 perfodit,
1022 2251 1177 2317 adscensu

165 2344 275 2405 autem
299 2361 337 2405 eo
360 2340 458 2425 fugae
481 2339 630 2404 consulit.
677 2338 769 2414 Quod
792 2339 849 2403 ubi
871 2339 978 2404 Persis
1002 2341 1108 2406 visum
1130 2341 1179 2406 in·

164 2430 393 2513 tellectumque
417 2431 480 2512 est,
508 2449 636 2512 quaqua
659 2429 778 2512 raptim
803 2449 894 2493 arma
917 2450 1044 2514 cepere,
1071 2431 1179 2514 ipsum

125 2539 294 2603 aequoque
316 2517 497 2603 fugientem
518 2517 645 2600 insequi
664 2517 893 2603 properabant
932 2516 1032 2582 Enim
1055 2522 1088 2582 et
1110 2519 1177 2582 illis

165 2607 292 2673 molitio
319 2607 445 2672 tardior
473 2609 506 2670 et
527 2606 712 2671 Alexandro
742 2606 904 2672 efficacior
926 2605 1005 2691 fuga
1028 2609 1110 2690 erat,
1138 2627 1177 2670 eo

165 2695 252 2778 quod
284 2697 480 2779 intempesta
512 2695 578 2758 iam
608 2698 702 2760 nocte
735 2717 835 2778 eaque
867 2694 966 2759 nullis
999 2694 1094 2759 lunae
1124 2693 1177 2757 ad·

165 2782 328 2848 miniculis
351 2781 481 2848 inlustri
504 2784 670 2867 aliquanto
695 2783 898 2851 cunctantius
921 2777 992 2867 regi
1015 2782 1176 2869 gradienti

166 2872 351 2956 subpetiata
381 2875 432 2936 est
459 2871 545 2936 forte
576 2873 674 2937 etiam
704 2872 830 2956 lampas
861 2894 901 2936 ex
930 2870 1035 2937 obvio.
1086 2871 1176 2948 Quae

124 2981 151 3022 co
165 2982 238 3025 cum
258 2960 320 3025 sibi
338 2960 527 3044 praelucens
546 2959 728 3044 facesseret,
753 2983 790 3025 eo
810 2961 931 3044 etipse
950 2961 1176 3046 properantius

165 3053 198 3113 et
220 3050 311 3114 nullo
334 3049 395 3113 tali
423 3048 566 3113 subsidio
590 3047 710 3114 Persae
738 3048 863 3113 tardius
888 3049 1068 3134 agitabant.
1114 3048 1175 3114 Sed

166 3139 252 3204 enim
270 3138 390 3203 Darius
414 3139 572 3203 maestior
590 3137 709 3203 damno
733 3138 833 3222 elapsi
856 3137 972 3222 hostia,
995 3159 1068 3203 cum
1090 3138 1177 3202 inter

254 3319 355 3382 tergo
375 3312 431 3367 Mr.
465 3327 517 3382 ogo
538 3311 572 3364 P.

253 3382 302 3438 22.
322 3389 356 3437 10
375 3386 406 3458 et
418 3383 523 3452 scripsi.
544 3383 575 3436 at
584 3383 618 3437 P.
657 3388 689 3438 11
710 3382 885 3452 conspicatus
893 3384 951 3437 Mr.
971 3381 1130 3438 continatus
1141 3383 1178 3438 P.

165 3455 199 3503 21
224 3452 365 3507 videretur
393 3455 456 3509 odd.
483 3452 556 3508 Keil.
629 3459 663 3508 22
689 3454 822 3509 adscenso
850 3455 957 3523 scripsi.
991 3470 1109 3509 accenso
1141 3453 1176 3509 P.

165 3524 200 3572 24
218 3536 330 3590 quaqua
347 3523 452 3594 raptim
468 3526 526 3579 Mr.
546 3541 717 3594 quamquam
731 3525 835 3595 partim
851 3525 885 3578 P.
922 3530 956 3579 26
976 3541 1010 3580 eo
1028 3526 1104 3593 quod
1118 3525 1178 3580 Mc.

165 3589 219 3643 nisi
237 3592 312 3659 quod
331 3593 362 3645 P.
436 3599 469 3648 29
490 3595 652 3664 subpetiata
669 3597 776 3665 scripsi.
800 3596 943 3666 subpetita
962 3596 996 3650 P.
