2648 3922
484 231 603 288 ORTUS
622 231 844 289 ALEXANDRI.
1126 234 1169 298 23

157 393 328 479 Philippus
361 393 586 478 oppressisset.
640 394 744 480 Igitur
782 399 856 460 astu
892 418 925 461 se
962 396 1062 462 dabat
1095 394 1168 462 Ale-

157 483 277 547 xander
301 505 320 546 a
343 479 480 548 Nicolao
503 483 682 567 praeteriri.
729 483 854 567 Quippe
882 485 948 549 iam
972 485 1083 569 ceteri,
1113 486 1169 571 qui

158 592 252 636 cursu
274 575 521 657 praevenerant,
549 572 632 637 alius
657 571 721 636 alio
746 593 821 637 casu
844 573 1004 659 prolapsi,
1027 575 1168 657 primam

156 680 251 812 {tt
275 659 460 812 illidit
484 659 959 834 tlmtt..l.².⁰.⁰l³tftltb
982 661 1193 815 dreit.

156 838 232 900 voto
256 836 525 920 praeterlabendi.
570 837 623 902 Ad
646 837 731 902 hunc
755 841 907 903 conatum
929 838 1019 922 equis
1038 837 1167 904 Nicolai

157 924 419 988 convertentibus
443 924 589 989 titubans
615 925 727 990 dexter
754 947 771 989 e
800 926 912 991 mediis
936 927 1166 1011 cernuantique

156 1013 332 1096 persimilis
361 1013 544 1095 implicatos
572 1013 713 1099 reliquos
737 1035 845 1079 secum
869 1018 1022 1080 moratur.
1068 1014 1166 1080 Enim

155 1104 232 1166 tunc
259 1100 443 1166 Alexander
472 1102 602 1167 subiens
631 1104 834 1184 praeteracto
864 1103 1081 1188 prolapsoque
1109 1102 1166 1169 Ni-

154 1189 246 1254 colao
266 1194 471 1274 supervectus
490 1211 559 1253 rem
579 1191 657 1255 belli
676 1191 736 1256 sub
756 1191 862 1256 stadio
876 1192 1047 1275 transegit.
1079 1192 1163 1257 Exin
1179 1214 1205 1254 ro

153 1277 256 1341 victor
286 1299 404 1343 corona
433 1277 600 1345 redimitus
632 1301 764 1344 escenso
795 1281 918 1365 templo
953 1302 1025 1346 cum
1055 1278 1167 1346 Iovem

154 1363 342 1449 Olympium
372 1366 540 1451 salutaret,
569 1368 795 1432 aestimatione
823 1369 869 1433 rei
897 1371 1008 1453 gestae
1036 1373 1093 1434 aut
1119 1369 1165 1433 in·

153 1453 274 1518 stinctu
306 1452 357 1518 dei
387 1454 586 1519 sacerdotem
611 1454 720 1519 ferunt
748 1457 794 1520 sio
817 1456 981 1522 fortunam
1009 1457 1165 1522 victoriae

152 1541 417 1626 interpretatum,
450 1546 487 1607 ut
521 1543 606 1626 quod
639 1543 746 1626 primo
781 1545 955 1609 certamine
991 1544 1163 1610 Nicolaum

151 1630 298 1714 vicisset,
327 1635 412 1695 esset
437 1631 500 1695 sibi
524 1633 737 1714 coniecturae,
763 1632 917 1715 perfacile
945 1633 1065 1697 multos
1090 1655 1162 1697 eum
1178 1653 1203 1696 rs

153 1719 290 1803 populos
305 1719 501 1784 vinciturum
520 1721 803 1803 universitatisque
818 1721 961 1787 dominio
975 1721 1164 1807 potiturum.

245 1805 302 1872 13.
340 1806 438 1872 Hisce
466 1829 543 1894 ergo
573 1808 679 1874 omine
708 1812 805 1893 atque
833 1809 959 1875 laetitia
987 1830 1088 1875 ovans
1115 1831 1163 1874 re·
1182 1815 1242 1874 XX.

152 1894 275 1979 patriat
303 1894 537 1962 Macedoniarn.
591 1895 653 1961 Sed
686 1897 820 1963 offendit
849 1897 932 1962 forte
965 1919 1004 1962 ex
1033 1898 1164 1963 licentia
1183 1893 1208 1943 4.

150 1985 242 2069 regia
266 1987 375 2067 spreto
400 1984 564 2050 consortio
589 1983 790 2070 Olympiadis
814 1986 1002 2071 Philippum
1030 1988 1106 2052 tunc
1129 1987 1164 2051 in

152 2070 343 2156 Cleopatrae
366 2073 497 2156 nuptias
521 2073 756 2157 demutantem,
780 2073 885 2139 Attali
909 2075 1075 2140 cuiusdam
1097 2097 1163 2141 non
1177 2100 1203 2138 ao

150 2160 304 2244 ignobilis
332 2160 428 2225 filiae.
479 2161 540 2225 Die
568 2162 669 2245 igitur
698 2162 885 2246 nuptiarum
913 2164 1044 2228 inruens
1074 2165 1162 2249 regis

150 2248 329 2313 triclinium
354 2254 528 2315 coronatus
553 2248 686 2334 ‘Sume’
709 2252 827 2334 inquit,
849 2251 947 2316 ‘hunc
968 2252 1119 2336 primum,
1143 2275 1162 2317 o

148 2341 253 2421 pater,
276 2338 398 2403 laboris
423 2339 486 2403 mei
504 2337 665 2421 fructum,'
691 2343 723 2404 et
744 2361 809 2402 una
833 2360 988 2405 eoronam
1012 2340 1045 2402 in
1065 2346 1162 2423 caput

149 2427 253 2509 patris
277 2426 456 2504 transtulit.
493 2426 575 2491 Tum
594 2427 725 2492 adiecit:
749 2425 893 2492 ‘Gaudeo
916 2426 1054 2511 quidem,
1077 2428 1161 2512 quod

148 2514 371 2598 inpraesenti
394 2515 572 2597 laetamini3
602 2518 634 2578 et
659 2521 722 2599 ligo
750 2536 823 2579 cunr
852 2519 989 2580 matrem
1016 2515 1088 2579 aliis
1112 2537 1160 2580 re·
1175 2537 1201 2578 aa

149 2602 279 2687 galibus
297 2603 420 2687 nuptiis
439 2603 630 2688 coniugabo‚
648 2624 706 2667 vos
720 2624 848 2687 quoque
861 2603 1066 2688 participabo
1085 2625 1161 2668 con·

239 2889 252 2935 1
273 2897 302 2935 se
322 2881 421 2949 dabat,
440 2898 573 2951 superecr.
593 2882 640 2937 vel
658 2882 781 2938 dedebat
798 2885 834 2938 A.
865 2884 983 2938 sedebat
1001 2885 1035 2940 P.
1064 2901 1160 2940 conce-

148 2952 233 3007 debat
252 2953 354 3008 Eberh.
396 2959 517 3008 asom.
536 2959 564 3006 τ.
597 2953 746 3022 praeteriit
764 2955 798 3008 P.
836 2955 943 3010 tatius
962 2961 988 3008 1.
1016 2953 1067 3009 alii
1086 2954 1158 3010 A.P.

149 3029 164 3077 ’1
184 3023 412 3078 convertentibus
435 3030 461 3076 1.
469 3025 503 3078 A.
536 3024 765 3079 concurrentibus
783 3025 817 3080 P.
855 3025 986 3080 dexterae
1009 3024 1103 3079 medio
1122 3026 1159 3080 A.

148 3093 398 3163 simplicatosque
419 3095 452 3149 P.
508 3095 655 3149 9subiens
674 3096 741 3150 ’1.Ρ.
768 3094 906 3151 subicient
925 3096 960 3150 A.
1012 3101 1045 3149 10
1064 3111 1160 3164 euper-

145 3168 229 3220 vectu
248 3164 280 3219 Τ.
326 3171 358 3219 11
378 3166 412 3219 ab
434 3165 571 3220 ‘escenso’
592 3168 731 3234 usquead
750 3170 782 3221 17
804 3165 937 3220 ‘laetitia’
959 3167 1056 3220 dmuat
1073 3167 1105 3219 ia
1125 3167 1160 3220 P.

148 3240 181 3290 15
200 3235 378 3291 coniecturae
403 3236 477 3292 Mai.
501 3241 526 3290 et
546 3237 577 3290 Τ.
600 3241 633 3290 ut
654 3237 776 3301 sidetem
801 3237 958 3306 cognitum,
982 3237 1013 3290 in
1036 3238 1161 3306 momine

147 3307 316 3376 ademptam
334 3305 380 3360 vel
400 3306 596 3362 coniuncturae
615 3306 650 3362 A.

237 3377 284 3431 13.
312 3383 345 3430 19
365 3377 505 3432 consortio
527 3377 558 3432 T.
592 3376 710 3432 consilio
729 3376 804 3431 P.A.
841 3378 873 3430 ia
891 3375 1015 3446 marpiac
1033 3379 1090 3432 cod.
1109 3379 1160 3433 A..-

146 3446 192 3502 vel
216 3447 355 3516 coniugio.
435 3455 470 3502 20
492 3447 584 3502 Attali
608 3449 667 3502 Mr.
699 3447 785 3516 Apuli
810 3446 880 3502 T.P.
914 3444 1100 3501 alicuiusdam
1123 3450 1160 3504 A.

146 3522 179 3570 21
198 3518 273 3572 filiae
293 3519 328 3574 A.
360 3516 481 3573 feminae
500 3519 533 3572 P.
642 3524 675 3572 23
694 3535 750 3572 una
770 3518 843 3572 Mai.
878 3533 961 3571 unam
980 3518 1016 3574 A.
1049 3537 1104 3575 uno
1125 3521 1159 3574 P.

145 3592 180 3641 24
198 3589 308 3658 gaudeo
329 3587 442 3658 quidem
461 3590 497 3644 A.
524 3605 590 3642 nam
609 3589 644 3642 de
663 3605 696 3643 eo
715 3587 829 3659 quidem
848 3588 913 3643 1.Ρ.
960 3593 994 3642 25
1014 3591 1104 3644 matre
1124 3590 1161 3646 P.
