2654 3926
175 183 219 265 30
606 199 715 256 urana
733 201 755 257 1.

174 362 261 428 Nam
283 367 321 428 ut
343 363 399 427 ille
420 361 596 427 iuventutis
615 363 724 429 fervor
748 362 788 426 ad
812 361 979 427 audaciam
998 364 1188 448 promptior,

174 453 223 516 ita
237 451 451 517 inconsultior
466 452 506 515 ad
520 451 713 535 cautionem,
728 472 765 515 ac
779 451 826 515 sic
844 471 956 515 corum
966 451 1045 515 boni
1054 456 1188 535 coeptus

174 540 363 626 plerumque
382 539 486 604 malos
509 543 642 604 eventus
662 540 834 623 reperiunt.
876 539 922 603 At
940 560 1016 604 vero
1034 540 1098 603 ista
1120 562 1187 605 ma·

174 629 294 693 turites
323 632 430 693 vestra
461 628 558 692 etiam
590 627 698 692 arduis
729 627 909 711 quibusque
939 627 1049 692 felices
1081 629 1187 694 exitus

148 717 261 801 eparit
284 721 316 781 et
339 716 538 781 desideratos
563 720 694 780 eventus
700 766 709 799 ‚
737 715 890 799 quoniam
917 717 1025 799 perito
1050 717 1186 782 consilio

174 826 305 870 manum
328 804 402 870 duci
430 804 614 869 commodat
637 805 873 870 obsecuturam.
919 803 982 868 Par
1005 808 1055 868 est
1078 805 1187 890 igitur,

172 895 288 978 inquit,
309 915 368 958 vos
387 914 460 957 meo
482 892 672 958 commilitio
692 893 863 975 numerari,
885 913 953 957 non
975 896 1012 957 ut
1035 893 1097 976 ipsi
1117 894 1186 960 bel-

172 982 278 1047 lorum
302 982 509 1066 urguentium
532 981 641 1045 subire
665 980 841 1066 cogamini,
864 981 922 1045 sad
945 986 981 1044 ut
1003 982 1186 1048 iunioribus

174 1071 323 1135 manibus
343 1068 513 1135 consilium
532 1091 590 1134 vos
609 1069 708 1134 fiatis.
742 1068 893 1134 Alterum
912 1069 1030 1153 quippe
1049 1070 1185 1136 alterius

133 1179 160 1218 ιο
175 1179 269 1244 egere
288 1161 359 1243 quis
379 1157 526 1221 dubitet?
562 1155 654 1242 Cum,
672 1158 736 1221 nisi
754 1179 812 1242 per
824 1157 1028 1240 prudentiam
1044 1162 1186 1224 vestram

173 1247 303 1312 illorum
321 1245 501 1310 titubantia
516 1246 560 1310 sit
574 1244 704 1329 directa,
723 1246 886 1330 perfracto
901 1247 1061 1330 praesidio
1076 1247 1185 1313 iuven·

172 1335 253 1398 tutis
281 1336 315 1398 in
342 1334 486 1399 seniores
513 1334 691 1417 periculum
719 1335 826 1400 vadat.
871 1333 994 1400 Contra
1022 1339 1129 1400 autem
1158 1337 1186 1400 si

172 1423 253 1486 recti
276 1444 334 1506 per
356 1444 415 1488 vos
438 1425 514 1487 voto
533 1423 692 1502 fruantur,
716 1445 773 1488 vos
797 1444 924 1507 quoque
946 1423 1069 1507 gloriae
1092 1429 1185 1507 parte

172 1511 299 1595 potiore
322 1511 551 1577 celebr-amini?
587 1511 649 1577 His
674 1513 768 1577 dictis
792 1535 848 1578 eos
872 1533 1009 1596 quoque,
1032 1533 1113 1594 quos
1138 1535 1185 1576 se-

134 1620 160 1660 15
175 1600 265 1665 nium
289 1601 354 1665 iam
378 1602 559 1684 obsederat,
584 1601 617 1663 in
641 1601 838 1665 sententiam
861 1622 954 1665 suam
977 1600 1072 1664 ducit.

1307 739 1322 774 4

265 1687 324 1754 21.
354 1687 602 1754 Connumeratis
628 1689 729 1774 igitur
752 1689 804 1753 vel
828 1689 929 1752 veteri
952 1688 1056 1752 milite
1080 1688 1131 1753 vel
1156 1695 1255 1754 XXVI.
1321 1647 1322 1684 i

174 1798 256 1860 quos
273 1777 344 1859 ipse
362 1797 472 1840 recens
489 1776 673 1859 scripserat,
692 1779 871 1859 congregat
884 1776 1078 1841 Maccdonas
1096 1778 1184 1862 quin·
1204 1781 1249 1833 15.

175 1885 236 1947 quc
256 1871 289 1927 et
308 1864 417 1927 decem
441 1863 533 1927 milia
550 1863 685 1944 pedites,
709 1863 892 1945 auxiliaque
912 1863 1038 1928 diversa
1058 1866 1093 1926 in
1111 1871 1185 1930 octo

173 1951 322 2034 milibus,
352 1951 477 2034 equites
505 1971 581 2014 vero
611 1949 781 2033 indigenas
809 1949 1033 2034 septingentos
1061 1955 1094 2015 et
1122 1952 1184 2017 duo

133 2060 159 2100 so
174 2038 274 2122 milia,
297 2039 379 2102 levis
403 2059 530 2121 quoque
553 2042 736 2102 armaturae
760 2037 903 2102 Thracas
926 2060 1060 2102 numero
1085 2040 1185 2104 octin-

173 2129 300 2212 gentos.
344 2124 439 2191 Unde
462 2126 524 2191 hoc
547 2147 680 2190 numero
709 2148 781 2190 cum
806 2130 957 2190 veterano
982 2126 1084 2192 milite
1108 2150 1184 2193 con-

173 2219 308 2299 gregato
329 2214 473 2279 sexcenti
487 2214 724 2300 quinquaginta
743 2218 897 2300 quattuor
916 2214 956 2279 ad
977 2216 1185 2300 septuaginta

173 2303 264 2368 milia
278 2303 491 2367 militantium
506 2305 606 2368 crant.
637 2303 728 2367 Tunc
742 2305 812 2368 viae
827 2307 992 2386 sumptum
1007 2327 1027 2369 a
1040 2303 1185 2389 Philippi

172 2391 334 2457 thesauris
349 2393 543 2476 conlatuque
558 2391 758 2456 studentium
772 2393 868 2456 rebus
883 2392 950 2457 suis
971 2393 1041 2457 auri
1060 2395 1185 2458 talenta

132 2501 158 2542 es
174 2482 346 2567 sexaginta
363 2503 436 2546 cum
450 2479 695 2564 quadringentis
714 2486 915 2566 quatuorque
935 2485 967 2545 et
985 2481 1095 2546 decem
1114 2482 1183 2547 mil-

171 2570 256 2634 libus
276 2571 375 2655 cogit.
417 2568 523 2635 Olassi
548 2590 625 2655 ergo
650 2570 818 2634 elaborata
841 2571 875 2633 in
893 2568 1093 2653 Macedonia,
1115 2575 1183 2633 tam

171 2658 280 2744 longis
311 2681 409 2742 quam
437 2659 593 2723 onerariis
620 2658 772 2740 navibus,
799 2659 919 2723 transit
946 2659 980 2721 in
1004 2657 1184 2740 Thraciam,

171 2849 215 2900 est
233 2846 352 2901 andacia
370 2849 403 2903 P.
468 2848 618 2904 liuvente
638 2849 672 2904 P.
704 2847 823 2904 audacia
841 2848 877 2905 A.
944 2847 1046 2901 thoni
1064 2849 1183 2917 coeptus

170 2917 255 2973 Mai&
292 2916 361 2972 boni
385 2919 479 2988 coepti
502 2919 535 2974 P.
571 2919 646 2974 bona
668 2920 769 2988 coepta
791 2918 827 2972 A.
935 2917 1071 2972 4ieliecs
1095 2918 1180 2974 Mai&

170 2987 269 3044 faciles
291 2989 328 3043 A.
337 2989 370 3042 P.
443 2995 459 3043 5
485 2989 618 3058 quoniam
636 3006 681 3043 me
700 2989 792 3058 perito
817 2987 947 3054 consilio,
971 3003 1085 3041 manum
1109 2989 1183 3056 duci,

171 3059 333 3113 commodat
350 3059 548 3115 obsecuturum
566 3059 651 3115 Mut'.
698 3066 714 3114 6
732 3058 786 3114 Par
804 3060 981 3128 resperseript
1001 3059 1046 3112 rel
1064 3074 1127 3127 pars
1145 3060 1181 3114 A.

171 3136 186 3185 7
205 3129 299 3199 inquit
317 3146 367 3185 om.
389 3131 423 3184 P.
456 3128 485 3184 in
503 3147 567 3184 meo
587 3129 753 3186 commilitio
772 3130 874 3184 Ebcrb.
970 3136 986 3184 8
1004 3130 1182 3199 urguentium

170 3201 254 3256 Mac.
273 3200 405 3270 urgentia
413 3202 487 3257 A.P.
533 3207 548 3255 9
568 3202 643 3255 fiatis
654 3200 780 3256 Mci².P.
799 3199 914 3256 faciatis
924 3200 959 3254 A.
1005 3205 1037 3254 12
1056 3200 1136 3255 vadit
1148 3201 1182 3256 P.

171 3276 204 3325 15
223 3270 302 3327 ducit
320 3272 405 3327 Mar.
414 3272 448 3328 P.
473 3271 542 3327 vicit
560 3273 596 3327 A.

258 3341 308 3396 21.
327 3348 361 3398 16
380 3345 474 3398 vetere
489 3342 576 3397 Mau.
624 3349 656 3398 1⁷
674 3358 771 3396 recens
790 3342 941 3412 scripserat
951 3341 986 3396 A.
993 3341 1025 3396 P.
1044 3341 1182 3396 recenseri

168 3415 296 3533 praestat
316 3412 348 3468 Τ.
404 3418 437 3468 18
458 3414 567 3467 milium
590 3413 658 3470 T.P.
691 3412 797 3467 auxilia
815 3415 851 3469 A.
903 3419 937 3466 22
957 3411 1044 3468 cclv
1063 3412 1181 3481 rapit.

192 3480 295 3534 XXVH
312 3481 392 3538 milia
411 3483 506 3539 Graec.
567 3489 601 3537 24
620 3485 811 3552 collatumque
828 3483 865 3538 A.
894 3484 1038 3539 conlatum
1056 3499 1128 3552 quae
1149 3482 1181 3540 Τ.

169 3556 203 3606 25
222 3554 356 3620 quattuor
370 3555 430 3621 (om.
445 3556 510 3624 que)
520 3556 553 3610 P.
591 3562 626 3610 26
645 3556 756 3626 ergoA.
775 3571 886 3624 quoqne
894 3555 927 3611 P.
966 3560 1000 3610 22
1018 3553 1138 3610 Thracia
1148 3554 1180 3610 P.

1316 1963 1321 2134 l
