2622 3932
148 217 211 282 166
562 217 673 273 LIBER
690 217 737 271 III.

146 381 239 465 regni
262 380 326 445 mei
349 381 419 445 fieri
441 401 677 445 successorem.
710 377 772 447 Sed
795 379 882 444 enim
906 381 933 444 si
956 380 1054 444 fuerit
1077 381 1157 446 mihi

95 509 96 514 κ
145 469 231 532 filius
256 491 272 532 e
297 468 443 552 Roxane,
470 468 547 533 huic
570 489 689 532 nomen
712 470 745 530 et
768 487 903 552 regnum
926 472 1076 534 nostrum
1099 491 1156 553 pa-

146 557 226 620 riter
249 557 494 622 eoncedendum.
536 556 629 633 Quod
653 557 682 620 si
705 577 722 619 e
745 555 880 620 Roxane
903 558 1013 641 puella
1036 558 1155 642 edetur,

147 646 191 710 sit
213 643 425 711 Macedonum
449 645 554 729 optio,
578 665 751 729 quemnam
775 644 838 708 sibi
861 666 970 729 regem
993 646 1058 730 ipsi
1082 647 1156 710 sub-

119 734 294 800 restituant.
331 734 472 818 Optatus
495 755 593 816 porro
617 733 876 816 constitutusque
898 755 956 797 rex
974 733 1156 820 Argiadum

144 823 270 907 regiam
283 825 488 906 veteremque
502 821 723 905 principatum
744 843 873 887 servare
888 822 1025 887 debebit.
1058 822 1156 888 Hisce

145 909 336 976 Macedones
351 916 506 976 consueta
517 909 707 994 dependent.
731 909 915 992 Olympiadi
926 915 1044 995 autem,
1059 911 1156 975 matri

145 1017 250 1082 meae,
281 1000 308 1064 si
335 1000 383 1064 ita
409 999 513 1083 volet,
545 997 657 1062 licebit
684 997 792 1062 Rhodi
820 998 936 1084 degere
966 1000 1018 1063 vel
1046 999 1081 1063 in
1109 1021 1156 1083 eo,

145 1109 239 1170 quem
263 1087 397 1152 malebit
419 1087 505 1170 loeo,
531 1086 705 1170 accipienti
732 1089 849 1151 cuncta
871 1088 964 1171 haec,
993 1109 1075 1171 quae
1103 1109 1155 1152 me

106 1196 131 1234 ιο
146 1177 319 1260 superstite
351 1175 615 1260 consequebatur.
669 1173 875 1239 Praefectum
910 1180 1019 1239 autem
1049 1174 1154 1241 Mace·
1174 1183 1218 1235 94.

12 1261 14 1266 ’
145 1262 259 1328 doniae
289 1261 460 1328 Craterum
496 1264 568 1327 fieri
601 1263 719 1327 mando
754 1263 846 1347 eique
877 1263 1022 1348 Philippi
1053 1265 1156 1329 filiam

144 1352 319 1436 coniugari.
364 1351 537 1417 Philonam
568 1351 667 1416 etiam
694 1351 789 1416 iubeo
818 1352 980 1435 satrapiae
1007 1375 1156 1435 praeesse

143 1439 404 1524 Hellespontiaca
423 1441 593 1504 universae
611 1461 807 1524 uxoremque
831 1440 860 1504 ei
883 1440 953 1503 fieri
973 1440 1082 1505 Olciae
1106 1463 1155 1505 so·

90 1567 92 1572 ·
143 1550 259 1593 rorem.
305 1526 544 1613 Cappadociam
572 1550 699 1612 quoque
727 1529 779 1592 vel
807 1527 1066 1630 Paphlagoniam
1092 1528 1156 1594 Bu-

105 1636 130 1677 a
144 1617 231 1680 meni
253 1618 428 1701 regendam
446 1639 548 1718 perpn
541 1617 592 1681 tti
603 1617 727 1718 placet.
772 1615 839 1681 Bos
862 1638 949 1700 vero,
973 1617 1029 1700 qui
1050 1617 1085 1680 in
1107 1617 1156 1680 in·

145 1705 226 1769 sulis
238 1709 322 1784 sunt,
337 1705 458 1770 liberos
473 1705 586 1789 suique
600 1704 680 1768 iuris
696 1726 767 1768 esse
776 1704 948 1806 praecipio.
968 1705 1155 1790 Antigonus

144 1792 259 1857 Cariae
280 1794 412 1876 praesit,
435 1790 660 1875 Casanderque
681 1791 846 1876 Boeotiae,
870 1795 980 1877 eisque
1004 1794 1155 1859 omnibus

143 1902 293 1964 praeesse
322 1881 532 1963 Antipatrum
564 1886 659 1964 oport
645 1881 737 1945 tebit.
788 1879 877 1946 Uton
906 1879 1019 1964 Syriae
1049 1886 1156 1947 rector

144 1972 223 2032 esto.
260 1968 461 2052 Babyloniae
480 1990 557 2033 vero
581 1972 615 2032 et
638 1969 853 2033 adiacentium
877 1970 1047 2053 regionum
1066 1993 1155 2052 prae

104 2055 218 2120 reficio
242 2053 419 2121 Seleucum.
465 2055 653 2121 Phoenicen.
674 2079 712 2121 ac
741 2056 868 2140 Syriam
893 2055 1013 2123 Coelen
1036 2057 1155 2122 Melea-

144 2166 203 2231 gro
227 2145 401 2230 regendam
424 2146 570 2228 permitti
594 2146 734 2230 decrevi,
761 2145 951 2230 Aegyptum
975 2145 1156 2230 Perdiccae,

143 2233 281 2316 Libyam
309 2233 512 2318 Ptolomaeo,
542 2234 594 2298 cui
624 2234 723 2298 etiam
751 2232 959 2318 Cleopatram
989 2235 1156 2319 coniugari

144 2322 317 2406 oportebit,
336 2344 479 2387 sororem
495 2344 609 2386 meam.
643 2322 825 2406 Regionum
840 2344 946 2407 porra,
961 2344 1044 2406 quae
1058 2346 1156 2407 supra

143 2410 363 2493 Babyloniam
388 2416 471 2494 sunt,
495 2432 605 2475 curam
624 2410 821 2475 Phanocrati
842 2411 987 2493 permitti
1004 2412 1155 2496 praecepi

103 2518 130 2559 aa
144 2499 237 2583 eique
260 2521 395 2565 uxorem
418 2499 574 2564 Roxanen
597 2499 806 2563 Bactrianam
830 2499 909 2562 dari.

233 2585 291 2651 59.
316 2587 377 2651 His
396 2588 498 2672 igitur
522 2587 672 2652 omnibus
693 2587 811 2651 mando
835 2587 1064 2671 repositorium
1087 2609 1154 2652 cor·
1174 2595 1220 2647 95.

143 2675 215 2759 pori
238 2697 310 2740 meo
334 2675 405 2739 fieri
428 2677 498 2739 auri
520 2697 713 2760 magnorum
737 2675 934 2740 talentorum
959 2697 1022 2740 sex.
1063 2675 1156 2752 Quis·

144 2784 205 2846 que
234 2767 341 2827 autem
365 2763 576 2830 Macedonum
600 2764 871 2828 Thessalorumve
900 2765 1084 2846 provectior
1112 2764 1156 2827 sit

144 2853 251 2914 aetate
275 2855 371 2934 atque
396 2852 436 2916 ad
460 2852 566 2917 solum
589 2853 730 2937 genitale
753 2851 893 2917 voluerit
915 2851 977 2934 ire,
1006 2852 1059 2917 his
1085 2852 1155 2917 fieri

232 3013 385 3076 treguam
404 3024 499 3061 meum
519 3008 553 3062 P.
609 3007 743 3062 3edetur
762 3008 796 3062 P.
821 3007 903 3062 detur
922 3009 958 3062 A.
1014 3007 1157 3076 tregiam

143 3079 323 3147 veteremque
341 3081 398 3134 Mr.
425 3078 534 3147 regiam
552 3093 603 3133 om.
621 3079 657 3132 A.
686 3081 809 3132 veterem
828 3079 901 3133 A.P.
930 3077 981 3132 His
1002 3079 1035 3134 P.
1074 3077 1156 3132 'lde-

143 3150 269 3217 pcndant
289 3148 323 3203 P.
386 3148 540 3204 9malebit
557 3149 593 3203 A.
622 3149 740 3204 malevit
757 3150 789 3203 P.
818 3149 952 3205 mavelit?
1008 3154 1042 3202 10
1061 3149 1158 3202 autem

143 3236 213 3276 corr.
233 3236 266 3274 ea
284 3236 350 3274 vero
369 3221 405 3274 A
444 3225 476 3273 12
495 3219 645 3274 Philonem
662 3221 698 3275 A.
724 3220 842 3273 filiolam
862 3221 896 3275 P.
922 3221 1063 3275 Philotam
1083 3219 1156 3274 Mat.

146 3294 178 3344 13
199 3289 295 3344 Olciae
313 3291 429 3373 acrapat.
450 3289 511 3344 Olci
530 3291 564 3345 A.
573 3292 606 3344 Ρ
685 3295 718 3344 16
736 3291 890 3360 gerendam
909 3290 945 3344 A.
1024 3295 1057 3344 16
1075 3305 1157 3358 prae

144 3360 218 3427 cipio
237 3359 272 3413 A.
301 3377 419 3429 praecep
421 3360 431 3413 i
452 3361 485 3414 P
531 3367 564 3415 1v
583 3360 677 3415 boetia
696 3361 731 3414 A.
738 3361 770 3415 P.
819 3365 908 3414 18t
870 3362 945 3416 Uton
964 3362 999 3414 A.
1027 3360 1103 3414 Yton
1122 3359 1157 3413 P.

144 3433 179 3480 24
146 3428 386 3551 QBabglpniam
410 3428 468 3484 sint
492 3430 527 3485 P
603 3435 637 3484 25
661 3429 845 3485 bacthranam
868 3431 903 3484 A.
932 3430 1096 3486 bactranam
1121 3429 1157 3485 P.

161 3511 239 3549 mraaa
304 3516 332 3552 aa

234 3564 282 3619 59.
310 3573 343 3620 27
363 3584 465 3637 magno
483 3570 519 3621 A.
593 3576 627 3623 29
646 3569 785 3639 genitalia
805 3571 839 3626 P.
871 3571 969 3626 volunt
988 3573 1023 3626 A.
