2648 3922
486 205 842 264 earnemcarnem.
1148 209 1169 276 3

157 372 316 450 tueretur,
341 367 510 454 Olympias
534 369 645 434 refert:
669 367 773 444 ‘Quid
795 369 843 434 ita
867 369 1031 455 defigeris,
1054 393 1073 436 o
1096 392 1169 454 pro-

157 458 268 543 pheta,
291 457 349 522 ubi
370 456 437 522 iam
456 479 507 522 me
525 454 697 523 intuerisl'
734 455 780 521 At
797 457 866 522 ille:
890 457 1066 525 ‘Recordor
1084 461 1169 524 enim

157 567 242 612 nunc
262 545 390 610 demum
409 545 533 615 oraculi
552 546 630 630 eius,
653 545 740 630 quod
759 545 843 630 apud
862 545 1047 630 Aegyptum
1070 570 1089 612 a
1108 548 1170 613 diis

159 656 361 718 acceperam,
389 637 538 718 oportere
566 655 618 698 me
640 633 771 718 reginae
794 655 871 699 uera
893 635 1078 718 praedicere
1100 657 1171 720 per-

159 722 333 790 cunctanti.
362 721 468 799 Quare
483 722 615 788 consule
635 743 732 806 super
750 720 890 806 cupitis?
918 721 963 787 ut
976 745 1047 788 cum
1057 725 1169 789 'verbis
1198 749 1210 789 s

159 812 289 877 tabulas
302 810 433 894 promit,
452 832 531 895 quas
545 809 682 893 peritiae
701 809 835 876 huiusce
850 809 936 877 docti
950 810 1099 894 pinacem
1113 833 1170 877 no·
1234 839 1238 843 ⁴

159 900 376 983 minaverunt,
394 919 470 982 opus
488 898 567 964 adeo
586 897 678 963 fabre
698 899 892 978 absolutum,
916 903 953 964 ut
971 899 1087 965 artifex
1107 922 1172 966 ma-

159 1010 220 1054 nue
236 991 376 1054 certasse
390 990 559 1071 putaretur
578 987 742 1052 cumhinc
758 987 960 1072 eloquentiae
974 988 1171 1054 testimonio.

160 1080 249 1142 Auro
274 1076 360 1140 enim
384 1079 418 1140 et
440 1075 538 1142 ebore
557 1075 718 1140 variatum
736 1077 878 1160 pretium
898 1077 949 1141 sui
971 1099 1044 1142 cum
1064 1078 1171 1162 operis

160 1164 374 1230 admiratione
397 1163 616 1230 contenderat
662 1163 743 1228 Tum
773 1165 894 1247 promit
921 1165 1018 1231 etiam
1047 1169 1171 1249 septem
1186 1190 1211 1230 ro

160 1275 240 1337 quas
259 1254 387 1336 reparet
404 1253 515 1317 stellas
535 1255 568 1317 et
585 1251 802 1336 horoscopum
820 1253 952 1336 pariter,
970 1253 1088 1338 quibus
1107 1255 1171 1318 sin-

161 1341 246 1427 gulis
277 1341 327 1405 sui
356 1341 496 1406 metalli·
512 1340 634 1425 species
665 1345 742 1405 erat.
793 1341 904 1406 Iovem
936 1342 1021 1406 enim
1050 1343 1171 1408 viseres

161 1450 255 1494 aereo
288 1428 396 1514 lapide
428 1431 667 1513 nuncupatum,
701 1427 809 1494 Solem
842 1430 1013 1512 crystallo,
1045 1429 1172 1495 Lunam

162 1517 348 1601 adamante,
371 1516 508 1582 Martem
533 1517 596 1582 dici
621 1518 680 1582 sub
704 1517 811 1601 lapide
835 1519 984 1600 ematite3
1009 1517 1066 1582 sed
1088 1517 1172 1582 Mer·

161 1606 269 1671 curius
285 1627 324 1669 ex
339 1605 511 1690 smaragdo
526 1605 596 1688 fuit,
605 1603 716 1670 Venus
735 1627 812 1670 vero
828 1605 1003 1690 sapphiria,
1013 1604 1171 1671 Saturnus
1187 1631 1212 1670 ra

160 1695 194 1760 in
219 1693 345 1778 ophite,
371 1698 441 1759 tum
469 1694 670 1778 horoscopus
693 1693 855 1778 lygdinus.
899 1692 1026 1758 Exinde
1050 1695 1172 1759 mirans

162 1781 332 1866 Olympias
350 1782 476 1866 pinacis
499 1781 586 1846 illius
606 1783 804 1864 opulentiam
824 1782 1053 1868 stellarumque
1077 1783 1172 1848 mira·

161 1871 261 1935 bilem
275 1870 468 1935 varietatem
482 1874 616 1954 propter
630 1871 786 1936 sessitans
800 1871 891 1936 iubet
906 1892 1000 1936 omne
1013 1872 1172 1937 facessere

73 2004 77 2008 -
161 1957 377 2043 famulitium,
413 1957 469 2042 qui
506 1958 641 2023 aderant
677 1959 741 2024 sibi
777 1980 815 2023 ex
848 1960 1029 2025 ministerio
1061 1961 1173 2047 regali,

162 2052 198 2112 ut
219 2067 369 2112 aroucam
391 2066 560 2111 ammonem
584 2051 647 2111 tuto
670 2049 878 2126 committeret,
906 2052 939 2113 et
965 2049 1026 2114 ait:
1055 2047 1099 2114 Ὃ
1127 2053 1174 2134 tu,
1187 2070 1214 2111 ao

164 2156 292 2220 quaeso,
316 2135 442 2200 intuere
465 2156 571 2199 meam
595 2138 628 2198 et
645 2134 791 2219 Philippi
814 2137 1074 2220 congruentiam
1097 2159 1174 2202 nam
1249 2205 1252 2210 ,

162 2225 267 2289 multa
289 2223 377 2288 fama
401 2229 464 2306 est,
487 2223 586 2307 quod,
610 2223 637 2288 si
660 2223 801 2288 adfuerit
822 2246 860 2288 ex
883 2223 1025 2309 hostico,
1049 2226 1174 2290 abiecta

163 2334 214 2376 me
237 2311 318 2377 velit
340 2312 374 2375 in
398 2311 534 2376 alteram
553 2311 771 2397 trausiugari.’
813 2312 865 2376 Ad
883 2312 964 2378 haec
981 2313 1053 2378 ille:
1077 2313 1174 2390 ‘Quin

164 2420 240 2483 ergo
260 2400 412 2482 deprome
431 2399 482 2463 vel
501 2403 591 2464 tuam
611 2400 662 2464 vel
680 2399 823 2484 Philippi
842 2400 1048 2484 genituram?
1081 2401 1174 2478 Quod

163 2509 236 2552 cum
254 2487 313 2552 illa
330 2487 470 2571 fecisset,
492 2485 702 2553 Nectanabus
726 2489 838 2552 statim
857 2511 948 2553 suam
969 2511 1095 2573 quoque
1120 2489 1174 2554 ad·
1189 2510 1215 2551 aa

163 2576 255 2642 hibet
273 2576 552 2641 constellationem
572 2576 806 2660 exploraturus,
829 2597 871 2640 an
895 2576 952 2640 illa
976 2599 1048 2642 cum
1067 2575 1175 2662 Olym-

42 2680 44 2686 ·
163 2665 270 2750 piaclis
280 2665 431 2750 genitura
445 2664 631 2729 conveniret
644 2665 885 2749 voluntatisque
895 2665 1063 2749 potiretur.
1083 2664 1176 2742 Quod

163 2775 236 2818 cum
260 2753 329 2818 fore
354 2751 627 2837 deprehendisset,
648 2752 725 2818 hino
749 2775 842 2819 orsus
867 2758 930 2819 est:
954 2753 1047 2820 ‘Non
1070 2754 1176 2839 vena,'

163 2842 282 2926 inquit,
305 2840 385 2906 ‘ista
409 2841 449 2905 ad
471 2844 505 2905 te
527 2839 615 2906 fama
638 2842 798 2928 pervenit,
826 2842 882 2907 sed
906 2843 992 2908 enirn
1015 2865 1091 2909 vera
1115 2847 1173 2909 est.

163 2930 237 3014 Ego
265 2934 376 2994 tamen
404 2951 441 2994 ac
470 2928 498 2994 si
525 2929 702 3013 prophetes
733 2953 772 2995 ex
799 2930 950 3017 Aegypto
981 2932 1217 3017 opitulabor,ao

254 3144 269 3192 6
293 3136 511 3192 nominaberunt
532 3143 559 3190 T.
634 3144 649 3193 T
674 3155 743 3209 opus
766 3141 873 3196 addidi.
946 3144 962 3193 9
985 3138 1126 3194 bariatum
1148 3146 1175 3194 T.

165 3208 229 3264 sui?
249 3215 318 3264 suo?
336 3215 364 3262 T.
409 3213 441 3262 11
461 3223 530 3276 quas
549 3213 663 3277 rogaret
680 3212 786 3280 scripsi.
816 3211 987 3278 quae...rct
1003 3215 1030 3263 T.
1058 3211 1178 3279 putaque

164 3279 219 3346 scre
238 3280 344 3335 litterae
362 3280 446 3347 repere
463 3294 520 3334 coa
534 3284 666 3347 poteram.
758 3287 791 3334 13
810 3296 874 3335 ereo
892 3286 919 3334 T.
1011 3285 1045 3334 16
1065 3280 1130 3335 ofite
1148 3287 1176 3337 T.

163 3349 297 3420 lygdinus
316 3349 395 3418 Epit.
421 3349 515 3419 lignus
533 3355 561 3404 T.
654 3356 686 3405 18
705 3350 851 3408 facessere.
870 3351 906 3417 cs.
926 3349 1000 3418 aar.
1020 3351 1177 3422 Euploaat.
1203 3381 1210 3385 -

165 3422 197 3476 ia
215 3421 321 3477 Donat.
339 3419 380 3474 II
397 3419 446 3489 (K.
466 3419 499 3474 G.
519 3419 553 3474 L.
573 3420 626 3474 IV
637 3438 668 3490 p.
684 3423 757 3490 577).
813 3427 845 3476 19
865 3423 897 3476 ut
916 3437 1049 3477 arcanum
1060 3439 1177 3478 -com-

164 3491 292 3546 mitteret
314 3507 365 3546 ora.
388 3497 431 3557 T,
453 3489 578 3560 supplevi
600 3508 634 3546 ee
658 3491 755 3548 Codice
779 3491 941 3561 anur'euei,
964 3497 1074 3550 auctore
1097 3492 1177 3548 Vau-

165 3578 274 3618 muaac.
312 3562 363 3632 (Ia
381 3561 439 3616 Iul.
465 3561 526 3616 Val.
545 3559 647 3619 Acuca
667 3565 738 3633 crit.)

983 3650 1018 3704 1*
