2646 3934
159 120 225 184 210
279 116 458 173 EPISTOLA
478 116 695 172 ALEXANDRI
712 117 763 171 AD
783 115 1048 171 ARISTOTELEM.

158 285 263 348 laetus
287 281 406 364 factus,
432 278 580 362 ‘Dicitej
604 281 746 364 inquam,
770 278 863 344 ‘mihi
886 300 944 344 vos
969 278 1031 342 duo
1056 277 1175 361 senes,’

159 369 375 436 humanitatis
403 389 458 434 eos
487 369 559 452 lege
587 369 743 449 mulcens,
768 367 862 452 ‘quid
890 367 933 431 sit
956 367 1058 448 istud,
1087 366 1176 450 quod

160 459 242 524 mihi
259 462 328 523 tam
346 458 474 522 illustre
494 461 527 522 et
546 460 615 521 tam
634 457 818 541 significum
837 453 1054 538 pollicemini?
1089 455 1175 518 Tum

161 569 237 613 vero
264 546 435 611 exhilarati
461 545 583 610 blanda
611 567 684 610 mea
706 565 799 627 voce,
827 543 987 623 ‘Videbis
1015 541 1096 626 rex,'
1124 544 1175 607 in·

135 636 291 722 squiunt,
319 634 518 718 ‘quicunque
546 656 594 716 es,
623 635 703 698 duas
732 634 864 697 arbores
889 631 973 698 Solis
1002 636 1035 696 et
1061 630 1175 696 Lunae

161 725 271 789 Indice
293 727 326 788 et
344 722 466 787 Graece
485 724 664 806 loquentes,
689 743 825 806 quarum
844 744 944 785 unum
963 721 1056 784 virile
1074 721 1176 784 robur

162 817 212 876 est
236 811 336 896 Solis,
359 812 496 876 alterum
519 811 711 875 femininum
734 811 859 893 Lunae,
883 813 916 874 et
939 809 979 874 ab
1003 809 1070 892 his,
1093 829 1176 892 quae

161 902 223 966 tibi
241 901 365 965 instent
382 899 469 964 bona
488 903 545 963 aut
563 899 657 982 mala,
675 913 770 963 nosse
789 897 932 982 poteris?
968 897 1040 974 Qua
1056 919 1090 961 re
1105 901 1176 960 tam

162 989 345 1055 incredibili
359 989 427 1052 ludi
442 1009 492 1052 me
508 1010 526 1051 a
541 987 688 1052 barbaris
704 989 834 1052 senibus
850 987 1050 1071 existimans,
1068 1007 1176 1068 poena

123 1099 218 1144 rocos
242 1078 382 1163 impingi
406 1081 439 1140 et
463 1076 572 1160 aliqua
591 1076 788 1140 contumelia
810 1077 890 1139 iussi
911 1076 1027 1154 notari,
1050 1075 1107 1138 illa
1130 1073 1175 1137 di-

164 1188 252 1232 cens:
277 1164 386 1230 ‘Itane
414 1186 452 1230 eo
480 1165 635 1229 maiestas
659 1186 732 1230 mea
754 1165 916 1248 pervenit,
946 1165 986 1229 ab
1011 1162 1176 1228 occidente

163 1257 198 1320 in
222 1255 388 1335 orientem,
411 1257 449 1316 ut
472 1275 490 1316 a
514 1253 646 1318 senibus
666 1253 814 1318 barbaris
833 1275 871 1318 ac
889 1253 1061 1335 decrepitis
1082 1250 1175 1315 illudi

59 1363 62 1372 “
164 1343 275 1407 videar
298 1341 428 1426 possel'
475 1340 598 1416 Quibus
621 1343 804 1408 iurantibus
829 1363 861 1406 se
884 1341 968 1405 nihil
991 1341 1068 1404 fulsi
1091 1360 1176 1403 com-

164 1431 342 1516 miniscere,
361 1430 540 1514 expcrirem
560 1431 655 1495 modo
675 1453 718 1494 an
732 1452 807 1496 vera
822 1429 972 1514 dicerent,
990 1431 1177 1512 reperturus

125 1539 151 1580 ιι
165 1520 256 1584 brevi
288 1519 322 1584 id
353 1541 420 1584 non
449 1541 519 1584 esse
547 1541 679 1603 vanum,
712 1519 880 1583 crantibus
913 1517 1024 1582 amicis
1052 1516 1176 1581 comiti·

164 1609 290 1692 busque
318 1609 413 1688 meis,
442 1629 483 1673 nc
515 1607 563 1671 rei
596 1608 813 1692 experimento
844 1607 1083 1688 fraudarentur,
1113 1609 1176 1668 tre-

166 1696 364 1762 contumilia
379 1719 452 1761 cum
467 1696 613 1780 equitatu
632 1718 757 1761 mecum
771 1696 866 1776 traxi,
884 1696 1028 1759 remissis
1043 1695 1076 1758 in
1092 1691 1177 1757 Pha·

166 1786 274 1850 siacen
307 1784 409 1868 copiis
440 1806 513 1848 cum
544 1784 737 1867 quibusdam
768 1784 940 1867 praefectis
971 1782 1177 1865 exercituque

166 1875 292 1955 cuncto,
316 1894 389 1936 cum
413 1872 592 1954 elephantis
617 1877 649 1936 et
672 1871 757 1937 Poro
781 1894 859 1957 rege
882 1876 915 1936 et
938 1871 1177 1956 impedimentis

126 1981 152 2020 ro
167 1961 325 2026 omnibus.
370 1958 448 2024 Mox
476 1962 584 2023 autem
614 1961 698 2025 lecto
727 1961 844 2026 robore
871 1961 1048 2025 iuventutis
1077 1958 1177 2023 admi·

166 2048 284 2114 rabilia
313 2048 415 2113 visuri
447 2049 629 2132 spectacula
658 2049 795 2134 profecti
829 2071 956 2135 sumus,
988 2048 1176 2113 ducentibus

165 2137 319 2203 Indorum
350 2136 495 2222 senibus,
528 2137 583 2221 qui
613 2160 692 2222 nos,
718 2141 754 2202 ut
787 2138 946 2222 dixerant,
977 2159 1035 2222 per
1067 2135 1178 2200 inania

167 2231 200 2291 et
230 2225 359 2311 egentia
388 2227 578 2309 plerumque
609 2248 765 2310 aquarum
792 2227 951 2310 plenaque
981 2225 1178 2308 serpentium

167 2363 220 2416 ego
234 2346 300 2402 ilico
310 2348 402 2402 laetos
411 2347 502 2401 factus
513 2346 576 2402 dP.
606 2347 678 2402 Tum
689 2363 754 2416 ergo
766 2351 829 2417 (ego
838 2348 883 2416 L.)
899 2363 954 2415 quo
964 2346 1039 2402 facto
1049 2346 1140 2400 laetus
1149 2366 1177 2400 ω.

168 2421 229 2472 tum
249 2435 302 2486 ego
319 2418 412 2472 laetus
426 2417 456 2472 V.
489 2418 550 2471 tum
569 2435 621 2488 ego
640 2435 673 2472 eo
691 2435 824 2488 responso
844 2419 935 2473 laetus
948 2418 988 2472 H.
1026 2425 1040 2472 1
1060 2436 1110 2474 vos
1129 2434 1178 2474 cru.

167 2487 372 2542 LVGMH.
406 2489 460 2542 duo
480 2505 529 2544 om.
548 2488 584 2542 B.
631 2488 829 2543 2demulcens
849 2489 877 2542 O.
910 2489 982 2543 illud
1002 2489 1030 2543 0.
1077 2495 1178 2543 tvcro

169 2558 245 2630 exh.]
264 2577 334 2614 unns
353 2558 524 2614 exhilaratus
543 2559 582 2614 H.
619 2559 751 2627 inquiunt
765 2559 837 2616 LV.
856 2558 950 2627 inquit
964 2561 999 2613 B.
1008 2561 1041 2615 G.
1049 2561 1091 2614 M.
1100 2559 1177 2613 RH.

168 2629 249 2684 aiunt
272 2629 302 2684 0.
411 2630 534 2684 tvirilis
558 2630 587 2685 0.
621 2647 738 2698 quarum
761 2631 869 2700 lignum
892 2630 972 2685 virile
996 2633 1039 2684 est
1062 2631 1116 2684 Sol.
1141 2630 1178 2683 H.

169 2699 311 2753 8instent
328 2701 385 2755 Ed.
404 2701 493 2756 Basso
519 2701 651 2756 insistent
665 2701 740 2758 G.B.
748 2703 790 2755 M.
799 2700 831 2754 V.
857 2701 966 2754 instant
984 2701 1022 2756 H.
1048 2700 1180 2754 insistunt

169 2775 216 2826 cet.
255 2769 345 2835 Quam
363 2787 423 2824 rem
440 2773 507 2824 tunc
525 2771 561 2825 L.
608 2777 688 2826 9me
707 2771 803 2826 deludi
823 2771 852 2825 0.
876 2771 958 2825 illudi
976 2772 1015 2826 H.
1066 2777 1099 2825 11
1119 2787 1179 2840 per-

169 2839 249 2896 venit
266 2841 326 2912 cta]
345 2843 501 2909 penetrarit
519 2843 718 2910 (penetraverit
736 2844 780 2914 P.)
799 2842 835 2896 ab
855 2843 962 2897 oriente
981 2860 1069 2911 usque
1088 2843 1119 2895 in
1137 2859 1180 2897 oc·

170 2912 309 2966 uidentem
329 2911 397 2966 011³.
449 2917 482 2965 13
501 2912 711 2968 comminiscere
731 2914 759 2968 Ο.
785 2913 964 2968 commiscere
983 2919 1030 2969 cet.
1082 2918 1116 2966 14
1136 2929 1179 2966 ex·

169 2982 289 3052 perirem
301 2980 330 3038 0.
349 2983 474 3054 experire
485 3005 514 3040 ω.
535 2984 655 3052 experiri
674 2986 787 3039 modum
803 2983 900 3038 censui
911 2985 943 3040 V.
964 2985 1083 3054 experiri
1098 2982 1179 3038 modo

169 3069 214 3107 me
233 3071 314 3123 posse
333 3055 372 3108 H.
405 3057 564 3125 reperturus
597 3056 788 3124 appariturum
808 3056 845 3110 H.
917 3063 949 3110 16
968 3057 1064 3110 tantae
1083 3055 1125 3108 rei
1143 3053 1179 3108 H.

170 3125 363 3179 fraudaremur
371 3126 410 3180 H.
438 3127 564 3180 trecenta
586 3127 773 3196 quadraginta
784 3127 899 3182 O.P.H.
939 3132 970 3180 12
988 3125 1179 3182 cumL.G.M

170 3196 267 3250 cru-B.
285 3196 370 3253 exO.
438 3202 472 3250 20
491 3201 585 3252 autem
604 3198 744 3253 om.u.H.
777 3199 850 3253 lecto
865 3199 904 3252 H.
924 3199 982 3252 leto
996 3218 1026 3252 ω.
1046 3195 1180 3251 elected.

170 3271 203 3318 21
224 3265 344 3334 profecti
368 3283 462 3320 sumus
485 3285 535 3322 om.
555 3268 594 3324 Η.
614 3269 717 3323 addens
735 3267 790 3323 iter
810 3269 961 3339 accipimus
982 3274 1044 3337 poet
1063 3267 1180 3322 senibus.

172 3335 338 3416 ducentibus
347 3338 471 3392 uobisB.
487 3339 513 3394 d.
523 3356 573 3393 nos
580 3339 611 3394 V.
642 3345 676 3392 22
692 3338 853 3394 dixeruntL
868 3340 978 3395 GVH.
994 3338 1180 3394 duxeruntM.

172 3421 220 3470 qur
243 3423 321 3473 mox,
344 3413 376 3462 ut
399 3409 518 3464 diximus
541 3411 580 3465 H.
617 3410 752 3466 immania
775 3412 813 3466 Η.
898 3417 932 3465 23
951 3412 1091 3480 plenaque
1109 3409 1181 3464 Keil.

171 3489 222 3538 per
244 3475 340 3541 aliqua
363 3476 428 3534 ω.0.
465 3497 515 3547 per
537 3481 647 3549 aliquot
664 3483 703 3536 H.
740 3481 910 3552 perinanis
933 3483 962 3536 et
985 3481 1098 3551 egentia
1121 3481 1182 3536 loca
